@article{Gupta2004,
archivePrefix = {arXiv},
arxivId = {arXiv:1011.1669v3},
author = {Gupta, Sunil and Lehmann, Donald R. and Stuart, Jennifer Ames},
doi = {10.1509/jmkr.41.1.7.25084},
eprint = {arXiv:1011.1669v3},
file = {:C$\backslash$:/Users/marco/AppData/Local/Mendeley Ltd./Mendeley Desktop/Downloaded/Gupta, Lehmann, Stuart - 2004 - Valuing Customers.pdf:pdf},
isbn = {00222437},
issn = {0022-2437},
journal = {Journal of Marketing Research},
number = {1},
pages = {7--18},
pmid = {1602423},
title = {{Valuing Customers}},
url = {http://journals.ama.org/doi/abs/10.1509/jmkr.41.1.7.25084},
volume = {41},
year = {2004}
}
@misc{UCI2018,
author = {UCI},
title = {{UCI, University of California, Irvine - Repository}},
url = {https://archive.ics.uci.edu/ml/index.php},
urldate = {2018-10-31},
year = {2018}
}
@misc{Statista2017,
author = {Statista},
title = {Customer churn rate in the United States in 2017, by industry},
url = {https://www.statista.com/statistics/816735/customer-churn-rate-by-industry-us/},
urldate = {2018-10-31},
year = {2017}
}
@article{Oskarsdottir2018,
author = {{\'{O}}skarsd{\'{o}}ttir, Mar{\'{i}}a and {Van Calster}, Tine and Baesens, Bart and Lemahieu, Wilfried and Vanthienen, Jan},
doi = {10.1016/j.eswa.2018.04.003},
issn = {09574174},
journal = {Expert Systems with Applications},
pages = {55--65},
title = {Time series for early churn detection: Using similarity based classification for dynamic networks},
volume = {106},
year = {2018}
}
@article{Gustafsson2005,
author = {Gustafsson, Anders and Johnson, Michael D and Roos, Inger},
file = {:C$\backslash$:/Users/marco/AppData/Local/Mendeley Ltd./Mendeley Desktop/Downloaded/Gustafsson, Johnson, Roos - 2005 - The Effects of Customer Satisfaction , Dimensions , and Triggers on Customer Retention.pdf:pdf},
journal = {Journal of Marketing},
pages = {210--218},
title = {{The Effects of Customer Satisfaction , Dimensions , and Triggers on Customer Retention}},
volume = {69},
year = {2005}
}
@article{Xiong2014,
author = {Xiong, Guiyang and Bharadwaj, Sundar},
doi = {https://doi.org/10.1287/mksc.2013.0828},
journal = {Marketing Science},
number = {3},
pages = {401--421},
title = {{Prerelease Buzz Evolution Patterns and New Product Performance}},
volume = {33},
year = {2014}
}
@article{Backiel2016,
author = {Backiel, Aim{\'{e}}e and Baesens, Bart and Claeskens, Gerda},
doi = {10.1057/jors.2016.8},
file = {:C$\backslash$:/Users/marco/AppData/Local/Mendeley Ltd./Mendeley Desktop/Downloaded/Backiel, Baesens, Claeskens - 2016 - Predicting time-to-churn of prepaid mobile telephone customers using social network analysis.pdf:pdf},
issn = {14769360},
journal = {Journal of the Operational Research Society},
keywords = {Churn prediction,Decision support systems,Social network analysis,Survival analysis,Telecommunications},
number = {9},
pages = {1135--1145},
publisher = {Palgrave Macmillan UK},
title = {{Predicting time-to-churn of prepaid mobile telephone customers using social network analysis}},
volume = {67},
year = {2016}
}
@article{Lien2018,
author = {Lien, Che Hui and Wu, Jyh Jeng and Hsu, Maxwell K. and Wang, Stephen W.},
doi = {10.1108/IJBM-05-2017-0097},
file = {:C$\backslash$:/Users/marco/AppData/Local/Mendeley Ltd./Mendeley Desktop/Downloaded/Lien et al. - 2018 - Positive moods and word-of-mouth in the banking industry A moderated mediation model of perceived value and relatio.pdf:pdf},
issn = {02652323},
journal = {International Journal of Bank Marketing},
keywords = {Cluster analysis,Perceived value,Positive moods,Segmentation,Word-of-mouth},
number = {4},
pages = {764--783},
title = {{Positive moods and word-of-mouth in the banking industry: A moderated mediation model of perceived value and relational benefits}},
volume = {36},
year = {2018}
}
@article{VanTonder2018,
author = {van Tonder, Estelle and Petzer, Dani{\"{e}}l J. and van Vuuren, Naomi and {De Beer}, Leon T.},
doi = {10.1108/IJBM-08-2017-0171},
file = {:C$\backslash$:/Users/marco/Desktop/UOIT - PhD/5 - Thesis and Articles/001 - All articles to read/IJBM-08-2017-0171.pdf:pdf},
issn = {0265-2323},
journal = {International Journal of Bank Marketing},
number = {7},
pages = {1347--1366},
title = {{Perceived value, relationship quality and positive WOM intention in banking}},
url = {https://www.emeraldinsight.com/doi/10.1108/IJBM-08-2017-0171},
volume = {36},
year = {2018}
}
@article{Marchand2017,
author = {Marchand, Andr{\'{e}} and Hennig-Thurau, Thorsten and Wiertz, Caroline},
doi = {10.1016/j.ijresmar.2016.09.003},
file = {:C$\backslash$:/Users/marco/AppData/Local/Mendeley Ltd./Mendeley Desktop/Downloaded/Marchand, Hennig-Thurau, Wiertz - 2017 - Not all digital word of mouth is created equal Understanding the respective impact of consumer.pdf:pdf},
issn = {01678116},
journal = {International Journal of Research in Marketing},
keywords = {Consumer decision making,Social media,Video games,WOM,Word of mouth,amazon,consumer review,microblogs,twitter},
mendeley-tags = {Word of mouth,amazon,consumer review,microblogs,twitter},
number = {2},
pages = {336--354},
publisher = {Elsevier B.V.},
title = {{Not all digital word of mouth is created equal: Understanding the respective impact of consumer reviews and microblogs on new product success}},
url = {http://dx.doi.org/10.1016/j.ijresmar.2016.09.003},
volume = {34},
year = {2017}
}
@article{Baumann2012,
author = {Baumann, Chris and Elliott, Greg and Burton, Suzan},
doi = {10.1108/08876041211223951},
file = {:C$\backslash$:/Users/marco/Desktop/CANADA after PhD offer/5 - Thesis and Articles/06 - Articles - Banking and Financial Services WOM and CHURN/08876041211223951.pdf:pdf},
isbn = {0887604121122},
issn = {08876045},
journal = {Journal of Services Marketing},
keywords = {Banking,Consumer behaviour,Customer loyalty,Customer satisfaction,Non-linearity,Segmentation},
number = {3},
pages = {148--157},
pmid = {1014248077},
title = {{Modeling customer satisfaction and loyalty: Survey data versus data mining}},
volume = {26},
year = {2012}
}
@article{Braun2011,
address = {Cambridge},
author = {Braun, Michael and Schweidel, David},
doi = {10.1287/mksc.1110.0665},
journal = {Marketing Science - Informs},
keywords = {Customer lifetime,bayesian estimation,customer base analysis,customer equity management,customer lifetime value,damper effect,marketing ROI,modelling,multiple causes of churn,retention marketing},
mendeley-tags = {Customer lifetime,damper effect,modelling,multiple causes of churn},
number = {5},
pages = {881--902},
publisher = {Marketing Science, INFORMS},
title = {{Modeling Customer Lifetime with Multiple Causes of Churn}},
url = {http://dx.doi.org/10.1287/mksc.1110.0665},
volume = {30},
year = {2011}
}
@article{Barboza2017,
author = {Barboza, Flavio and Kimura, Herbert and Altman, Edward},
doi = {10.1016/j.eswa.2017.04.006},
file = {:C$\backslash$:/Users/marco/AppData/Local/Mendeley Ltd./Mendeley Desktop/Downloaded/Barboza, Kimura, Altman - 2017 - Machine learning models and bankruptcy prediction.pdf:pdf},
issn = {09574174},
journal = {Expert Systems with Applications},
keywords = {Bagging,Bankruptcy prediction,Boosting,Machine learning,Random forest,Support vector machines},
pages = {405--417},
publisher = {Elsevier Ltd},
title = {{Machine learning models and bankruptcy prediction}},
url = {http://dx.doi.org/10.1016/j.eswa.2017.04.006},
volume = {83},
year = {2017}
}
@article{Balakrishnan2018,
author = {Balakrishnan, Janarthanan and Griffiths, Mark D.},
doi = {10.1016/j.chb.2018.06.002},
file = {:C$\backslash$:/Users/marco/AppData/Local/Mendeley Ltd./Mendeley Desktop/Downloaded/Balakrishnan, Griffiths - 2018 - Loyalty towards online games, gaming addiction, and purchase intention towards online mobile in-game fe.pdf:pdf},
issn = {07475632},
journal = {Computers in Human Behavior},
keywords = {Game addiction,Game loyalty,In-game purchases,Mobile game purchases,Online mobile games},
number = {January},
pages = {238--246},
title = {{Loyalty towards online games, gaming addiction, and purchase intention towards online mobile in-game features}},
volume = {87},
year = {2018}
}
@misc{Kaggle2018,
author = {Kaggle},
title = {{Kaggle}},
url = {https://www.kaggle.com/},
urldate = {2018-10-31},
year = {2018}
}
@article{Milosevic2017,
author = {Milosevic, Milos and Zivic, Nenad and Andjelkovic, Igor},
doi = {10.1016/j.eswa.2017.04.056},
file = {:C$\backslash$:/Users/marco/AppData/Local/Mendeley Ltd./Mendeley Desktop/Downloaded/Milosevic, Zivic, Andjelkovic - 2017 - Early churn prediction with personalized targeting in mobile social games.pdf:pdf},
journal = {Expert Systems with Applications},
keywords = {Churn Prevention,Churn predicition,Free to play,Machine Learning,Push Notifications,Targeting},
pages = {326--332},
title = {{Early churn prediction with personalized targeting in mobile social games}},
volume = {83},
year = {2017}
}
@article{Chiang2018,
author = {Chiang, Lan Lung (Luke) and Yang, Chin Sheng},
doi = {10.1016/j.techfore.2017.06.034},
file = {:C$\backslash$:/Users/marco/AppData/Local/Mendeley Ltd./Mendeley Desktop/Downloaded/Chiang, Yang - 2018 - Does country-of-origin brand personality generate retail customer lifetime value A Big Data analytics approach.pdf:pdf},
isbn = {00401625 (ISSN)},
issn = {00401625},
journal = {Technological Forecasting and Social Change},
keywords = {Big Data analytics,Brand personality,Country-of-origin,Customer lifetime value,Customer-driven marketing strategy,Retail industry},
number = {January 2017},
pages = {177--187},
publisher = {Elsevier},
title = {{Does country-of-origin brand personality generate retail customer lifetime value? A Big Data analytics approach}},
url = {https://doi.org/10.1016/j.techfore.2017.06.034},
volume = {130},
year = {2018}
}
@article{Dimitriadis2011,
author = {Dimitriadis, Sergios},
doi = {10.1108/08876041111143122},
file = {:C$\backslash$:/Users/marco/AppData/Local/Mendeley Ltd./Mendeley Desktop/Downloaded/Dimitriadis - 2011 - Customers' relationship expectations and costs as segmentation variables Preliminary evidence from banking.pdf:pdf},
isbn = {0887-6045},
issn = {08876045},
journal = {Journal of Services Marketing},
keywords = {Banking,Customer relationship management,Relational benefits,Relational costs,Relationship marketing,Segmentation},
number = {4},
pages = {294--308},
pmid = {875620639},
title = {{Customers' relationship expectations and costs as segmentation variables: Preliminary evidence from banking}},
volume = {25},
year = {2011}
}
@article{Mosavi2018,
author = {Mosavi, Alireza Bashiri and Afsar, Amir},
doi = {10.1142/S0219622018500104},
file = {:C$\backslash$:/Users/marco/AppData/Local/Mendeley Ltd./Mendeley Desktop/Downloaded/Mosavi, Afsar - 2018 - Customer Value Analysis in Banks Using Data Mining and Fuzzy Analytic Hierarchy Processes.pdf:pdf},
issn = {0219-6220},
journal = {International Journal of Information Technology {\&} Decision Making},
keywords = {customer relationship management,customer value,fuzzy analytic hierarchy process},
number = {03},
pages = {819--840},
title = {{Customer Value Analysis in Banks Using Data Mining and Fuzzy Analytic Hierarchy Processes}},
url = {https://www.worldscientific.com/doi/abs/10.1142/S0219622018500104},
volume = {17},
year = {2018}
}
@article{Amin2017,
author = {Amin, Adnan and Anwar, Sajid and Adnan, Awais and Nawaz, Muhammad and Alawfi, Khalid and Hussain, Amir and Huang, Kaizhu},
doi = {10.1016/j.neucom.2016.12.009},
file = {:C$\backslash$:/Users/marco/AppData/Local/Mendeley Ltd./Mendeley Desktop/Downloaded/Amin et al. - 2017 - Customer churn prediction in the telecommunication sector using a rough set approach.pdf:pdf},
isbn = {09252312},
issn = {18728286},
journal = {Neurocomputing},
keywords = {Churn prediction,Classification,Data mining,Feature selection,Rough Set theory},
number = {May 2016},
pages = {242--254},
title = {{Customer churn prediction in the telecommunication sector using a rough set approach}},
volume = {237},
year = {2017}
}
@article{Amin2018,
author = {Amin, Adnan and Al-Obeidat, Feras and Shah, Babar and Adnan, Awais and Loo, Jonathan and Anwar, Sajid},
doi = {10.1016/j.jbusres.2018.03.003},
file = {:C$\backslash$:/Users/marco/AppData/Local/Mendeley Ltd./Mendeley Desktop/Downloaded/Amin et al. - 2018 - Customer churn prediction in telecommunication industry using data certainty.pdf:pdf},
issn = {01482963},
journal = {Journal of Business Research},
keywords = {Churn prediction,Classification,Customer churn,Telecommunication,Uncertain samples},
number = {October 2017},
pages = {1--12},
publisher = {Elsevier},
title = {{Customer churn prediction in telecommunication industry using data certainty}},
url = {https://doi.org/10.1016/j.jbusres.2018.03.003},
year = {2018}
}
@article{Kumar2016,
author = {Kumar, V and Reinartz, Werner},
doi = {10.1509/jm.15.0414},
file = {:C$\backslash$:/Users/marco/AppData/Local/Mendeley Ltd./Mendeley Desktop/Downloaded/Kumar, Reinartz - 2016 - Creating Enduring Customer Value.pdf:pdf},
journal = {Journal of Marketing},
keywords = {customer value,perceived value,customer lifetime v},
number = {6},
pages = {36--68},
title = {{Creating Enduring Customer Value}},
url = {http://journals.ama.org/doi/abs/10.1509/jm.15.0414},
volume = {80},
year = {2016}
}
@misc{NeilParmenter2018,
author = {{Neil Parmenter}},
booktitle = {President {\&} CEO | Canadian Bankers Association},
title = {{Canadian banks 2018}},
url = {https://www.cba.ca/},
urldate = {2018-11-21},
year = {2018}
}
@article{Newman2017,
author = {Newman, Christopher L. and Wachter, Kathleen and White, Allyn},
doi = {10.1108/JSM-08-2016-0289},
file = {:C$\backslash$:/Users/marco/AppData/Local/Mendeley Ltd./Mendeley Desktop/Downloaded/Newman, Wachter, White - 2017 - Bricks or clicks Understanding consumer usage of retail mobile apps.pdf:pdf},
issn = {08876045},
journal = {Journal of Services Marketing},
keywords = {Mobile apps,Mobile commerce,Mobile phone,Mobile shopping,Self-service technology},
number = {2},
pages = {211--222},
title = {{Bricks or clicks? Understanding consumer usage of retail mobile apps}},
volume = {32},
year = {2017}
}
@article{Ekinci2014,
author = {Ekinci, Yeliz and {\"{U}}lengin, F{\"{u}}sun and Uray, Nimet and {\"{U}}lengin, Bur{\c{c}}},
doi = {10.1016/j.ejor.2014.01.014},
file = {:C$\backslash$:/Users/marco/AppData/Local/Mendeley Ltd./Mendeley Desktop/Downloaded/Ekinci et al. - 2014 - Analysis of customer lifetime value and marketing expenditure decisions through a Markovian-based model.pdf:pdf},
isbn = {0377-2217},
issn = {03772217},
journal = {European Journal of Operational Research},
keywords = {Customer lifetime value,Forecast models,Markov decision process},
number = {1},
pages = {278--288},
publisher = {Elsevier B.V.},
title = {{Analysis of customer lifetime value and marketing expenditure decisions through a Markovian-based model}},
url = {http://dx.doi.org/10.1016/j.ejor.2014.01.014},
volume = {237},
year = {2014}
}
@article{Cavdar2018,
author = {{\c{C}}avdar, Ahmet Birol and Ferhatosmanoğlu, Nilg{\"{u}}n},
doi = {10.1016/j.jairtraman.2017.10.007},
file = {:C$\backslash$:/Users/marco/AppData/Local/Mendeley Ltd./Mendeley Desktop/Downloaded/{\c{C}}avdar, Ferhatosmanoğlu - 2018 - Airline customer lifetime value estimation using data analytics supported by social network information.pdf:pdf},
issn = {09696997},
journal = {Journal of Air Transport Management},
keywords = {Customer profiling,Customer relationship management,Data analytics,Forecasting methods,Regression and classification models,Social network analysis,Time series},
number = {October 2017},
pages = {19--33},
title = {{Airline customer lifetime value estimation using data analytics supported by social network information}},
volume = {67},
year = {2018}
}
@article{DeCaigny2018,
author = {{De Caigny}, Arno and Coussement, Kristof and {De Bock}, Koen W.},
doi = {10.1016/j.ejor.2018.02.009},
file = {:C$\backslash$:/Users/marco/AppData/Local/Mendeley Ltd./Mendeley Desktop/Downloaded/De Caigny, Coussement, De Bock - 2018 - A new hybrid classification algorithm for customer churn prediction based on logistic regression.pdf:pdf},
issn = {03772217},
journal = {European Journal of Operational Research},
keywords = {Customer churn prediction,Hybrid algorithm,Logit leaf model,OR in marketing,Predictive analytics},
number = {2},
pages = {760--772},
publisher = {Elsevier B.V.},
title = {{A new hybrid classification algorithm for customer churn prediction based on logistic regression and decision trees}},
volume = {269},
year = {2018}
}
@article{Estrella-Ramon2017,
author = {Estrella-Ram{\'{o}}n, Antonia and S{\'{a}}nchez-P{\'{e}}rez, Manuel and Swinnen, Gilbert and VanHoof, Koen},
doi = {10.1108/IMDS-03-2016-0107},
file = {:C$\backslash$:/Users/marco/Desktop/UOIT - PhD/5 - Thesis and Articles/001 - All articles to read/Newww.pdf:pdf},
issn = {0263-5577},
journal = {Industrial Management {\&} Data Systems},
keywords = {customer lifetime value,customer relationship management,customer value management,data,hierarchical bayesian model,industrial management,latent class regression model,paper type research paper,product portfolio management},
number = {2},
pages = {250--266},
title = {{A model to improve management of banking customers}},
url = {http://www.emeraldinsight.com/doi/10.1108/IMDS-03-2016-0107},
volume = {117},
year = {2017}
}
@article{Martinez2018,
author = {Mart{\'{i}}nez, Andr{\'{e}}s and Schmuck, Claudia and Pereverzyev, Sergiy and Pirker, Clemens and Haltmeier, Markus},
doi = {10.1016/j.ejor.2018.04.034},
file = {:C$\backslash$:/Users/marco/AppData/Local/Mendeley Ltd./Mendeley Desktop/Downloaded/Mart{\'{i}}nez et al. - 2018 - A machine learning framework for customer purchase prediction in the non-contractual setting.pdf:pdf},
issn = {03772217},
journal = {European Journal of Operational Research},
keywords = {Analytics,Machine learning,Non-contractual setting,Purchase prediction,Sales forecast},
pages = {1--9},
title = {{A machine learning framework for customer purchase prediction in the non-contractual setting}},
volume = {0},
year = {2018}
}
@article{Jamalian2018,
author = {Jamalian, Elham and Foukerdi, Rahim},
journal = {Engineering, Technology {\&} Applied Science Research},
keywords = {-customer churn,0,and a defined threshold,behaviors with a product,c5,data mining,hybrid method,lolimot,rules in mind,s transaction is less,than the,weighted voting,when customer,with business},
number = {3},
pages = {2991--2997},
title = {{A Hybrid Data Mining Method for Customer Churn Prediction}},
url = {www.etasr.com},
volume = {8},
year = {2018}
}
@article{Coussement2017,
author = {Coussement, Kristof and Lessmann, Stefan and Verstraeten, Geert},
doi = {10.1016/j.dss.2016.11.007},
file = {:C$\backslash$:/Users/marco/AppData/Local/Mendeley Ltd./Mendeley Desktop/Downloaded/Coussement, Lessmann, Verstraeten - 2017 - A comparative analysis of data preparation algorithms for customer churn prediction A case st.pdf:pdf},
isbn = {3332054589},
issn = {01679236},
journal = {Decision Support Systems},
keywords = {Churn prediction,Data preparation techniques,Predictive analytics},
pages = {27--36},
publisher = {Elsevier B.V.},
title = {{A comparative analysis of data preparation algorithms for customer churn prediction: A case study in the telecommunication industry}},
url = {http://dx.doi.org/10.1016/j.dss.2016.11.007},
volume = {95},
year = {2017}
}

@misc{Parmenter2018,
author = {Neil Parmenter},
title = {{Canadian Bankers Association, President and CEO}},
url = {https://www.cba.ca/},
urldate = {2018-10-31},
year = {2018}
}

@article{Shaffer2002,
title = {Competitive One-to-One Promotions},
author = {Shaffer, Greg and Zhang, Z. John},
year = {2002},
journal = {Management Science},
volume = {48},
number = {9},
pages = {1143-1160},
url = {https://EconPapers.repec.org/RePEc:inm:ormnsc:v:48:y:2002:i:9:p:1143-1160}
}

@article{Ganesh2000,
author = {Jaishankar Ganesh and Mark J. Arnold and Kristy E. Reynolds},
title ={Understanding the Customer Base of Service Providers: An Examination of the Differences between Switchers and Stayers},
journal = {Journal of Marketing},
volume = {64},
number = {3},
pages = {65-87},
year = {2000},
doi = {10.1509/jmkg.64.3.65.18028},
URL = {https://doi.org/10.1509/jmkg.64.3.65.18028},
eprint = {https://doi.org/10.1509/jmkg.64.3.65.18028}
}
@inproceedings{Moro2011,
address = {Guimaraes, Portugal},
author = {Moro, S. and Laureano, R. and Cortez, P.},
booktitle = {In P. Novais et al. (Eds.), Proceedings of the European Simulation and Modelling Conference},
pages = {117--121},
publisher = {EUROSIS},
title = {{Using Data Mining for Bank Direct Marketing: An Application of the CRISP-DM Methodology}},
year = {2011}
}
@article{Moro2014,
author = {Moro, S. and Laureano, R. and Cortez, P.},
doi = {10.1016/j.dss.2014.03.001},
journal = {Decision Support Systems},
pages = {22--31},
title = {{Data-Driven Approach to Predict the Success of Bank Telemarketing}},
volume = {62},
year = {2014}
}
@article{Berger2014,
archivePrefix = {arXiv},
arxivId = {10.1016/j.jcps.2014.05.002},
author = {Berger, Jonah},
doi = {10.1016/j.jcps.2014.05.002},
eprint = {j.jcps.2014.05.002},
isbn = {1057-7408},
issn = {10577408},
journal = {Journal of Consumer Psychology},
number = {4},
pages = {586--607},
pmid = {23990938},
primaryClass = {10.1016},
publisher = {Society for Consumer Psychology},
title = {{Word of mouth and interpersonal communication: A review and directions for future research}},
url = {http://dx.doi.org/10.1016/j.jcps.2014.05.002},
volume = {24},
year = {2014}
}
@article{Reimer2016,
author = {Reimer, Thomas and Benkenstein, Martin},
doi = {10.1016/j.jbusres.2016.05.014},
isbn = {0148-2963},
issn = {01482963},
journal = {Journal of Business Research},
number = {12},
pages = {5993--6001},
publisher = {Elsevier Inc.},
title = {{When good WOM hurts and bad WOM gains: The effect of untrustworthy online reviews}},
url = {http://dx.doi.org/10.1016/j.jbusres.2016.05.014},
volume = {69},
year = {2016}
}
@article{Haenlein2006,
author = {Haenlein, Michael and Kaplan, Andreas M and Schoder, Detlef},
doi = {10.1509/jmkg.70.3.5},
isbn = {00222429 (ISSN)},
issn = {00222429},
journal = {Journal of Marketing},
number = {3},
pages = {5--20},
pmid = {21895690},
title = {{Valuing the Real Option of Abandoning Unprofitable Customers When Calculating Customer Lifetime Value}},
url = {http://www.jstor.org/stable/30162097},
volume = {70},
year = {2006}
}
@article{Godes2004,
author = {Godes, David and Mayzlin, Dina},
doi = {10.1287/mksc.1040.0071},
isbn = {0732-2399},
issn = {0732-2399},
journal = {Marketing Science},
number = {4},
pages = {545--560},
pmid = {15199606},
title = {{Using Online Conversations to Study Word-of-Mouth Communication}},
url = {http://pubsonline.informs.org/doi/10.1287/mksc.1040.0071},
volume = {23},
year = {2004}
}
@article{Machado2012,
author = {Machado, Fernando Jorge},
title = {{Universidade do Minho Escola de Engenharia Fernando Jorge Machado Veloso Um Modelo para Previs{\~{a}}o de Churn na {\'{A}}rea do Retalho}},
year = {2012}
}
@article{Kumar2010,
author = {Kumar, V and Aksoy, Lerzan and Donkers, Bas and Venkatesan, Rajkumar and Wiesel, Thorsten and Tillmanns, Sebastian},
doi = {10.1177/1094670510375602},
journal = {Journal of Service Research},
number = {3},
pages = {297--310},
title = {{Undervalued or Overvalued Customers: Capturing Total Customer Engagement Value}},
url = {http://journals.sagepub.com/doi/abs/10.1177/1094670510375602},
volume = {13},
year = {2010}
}
@article{Oskarsdottir2018,
author = {Oskarsdottir, Maria and Van Calster, Tine and Baesens, Bart and Lemahieu, Wilfried and Vanthienen, Jan},
doi = {10.101j.eswa.2018.04.003},
issn = {09574174},
journal = {Expert Systems with Applications},
pages = {55-65},
title = {Time series for early churn detection: Using similarity based classification for dynamic networks},
volume = {106},
year = {2018}
}
@article{Park2018,
author = {Park, Sang June and Lee, Yeong Ran and Borle, Sharad},
doi = {10.1016/j.techfore.2017.10.006},
issn = {00401625},
journal = {Technological Forecasting and Social Change},
number = {December 2016},
pages = {304--309},
publisher = {Elsevier},
title = {{The shape of Word-of-Mouth response function}},
url = {https://doi.org/10.1016/j.techfore.2017.10.006},
volume = {127},
year = {2018}
}
@article{Bradlow2017,
author = {Bradlow, Eric T. and Gangwar, Manish and Kopalle, Praveen and Voleti, Sudhir},
doi = {10.1016/j.jretai.2016.12.004},
isbn = {0022-4359},
issn = {00224359},
journal = {Journal of Retailing},
number = {1},
pages = {79--95},
publisher = {New York University},
title = {{The Role of Big Data and Predictive Analytics in Retailing}},
url = {http://dx.doi.org/10.1016/j.jretai.2016.12.004},
volume = {93},
year = {2017}
}
@article{Seetharaman2003,
author = {Seetharaman, P. B. and Chintagunta, Pradeep K.},
doi = {10.1198/073500103288619025},
isbn = {07350015},
issn = {07350015},
journal = {Journal of Business and Economic Statistics},
number = {3},
pages = {368--382},
title = {{The proportional hazard model for purchase timing: A comparison of alternative specifications}},
volume = {21},
year = {2003}
}
@article{Kumar2008,
archivePrefix = {arXiv},
arxivId = {arXiv:1011.1669v3},
author = {Kumar, V. and Venkatesan, Rajkumar and Bohling, Tim and Beckmann, Denise},
doi = {10.1287/mksc.1070.0319},
eprint = {arXiv:1011.1669v3},
isbn = {07322399},
issn = {0732-2399},
journal = {Marketing Science},
number = {4},
pages = {585--599},
pmid = {25246403},
title = {{The Power of CLV: Managing Customer Lifetime Value at IBM}},
url = {http://pubsonline.informs.org/doi/10.1287/mksc.1070.0319},
volume = {27},
year = {2008}
}
@article{Li2018,
author = {Li, Pengdeng and Yang, Xiaofan and Yang, Lu Xing and Xiong, Qingyu and Wu, Yingbo and Tang, Yuan Yan},
doi = {10.1016/j.physa.2017.10.050},
isbn = {00218499},
issn = {03784371},
journal = {Physica A: Statistical Mechanics and its Applications},
pages = {1--16},
pmid = {28028455},
publisher = {Elsevier B.V.},
title = {{The modeling and analysis of the word-of-mouth marketing}},
url = {https://doi.org/10.1016/j.physa.2017.10.050},
volume = {493},
year = {2018}
}
@article{Hoekstra1999,
author = {Hoekstra, Janny C. and Huizingh, Eelko K. R. E.},
doi = {10.1023/A:1009842805871},
issn = {1382-3019, 1572-8846},
journal = {Journal of Market-Focused Management},
number = {3-4},
pages = {257--274},
title = {{The Lifetime Value Concept in Customer-Based Marketing}},
url = {http://link.springer.com/article/10.1023/A:1009842805871{\%}5Cnhttp://link.springer.com/article/10.1023/A:1009842805871{\#}page-1},
volume = {3},
year = {1999}
}
@article{Kim2018,
author = {Kim, Soyeon and Kandampully, Jay and Bilgihan, Anil},
doi = {10.1016/j.chb.2017.11.015},
issn = {07475632},
journal = {Computers in Human Behavior},
pages = {243--254},
publisher = {Elsevier Ltd},
title = {{The influence of eWOM communications: An application of online social network framework}},
url = {https://doi.org/10.1016/j.chb.2017.11.015},
volume = {80},
year = {2018}
}
@article{DaCosta2018,
author = {da Costa, Sandro Bonfim and Claro, Danny Pimentel and Bortoluzzo, Adriana Bruscato},
doi = {10.7819/rbgn.v20i2.3798},
issn = {18064892},
journal = {Revista Brasileira de Gest{\~{a}}o de Neg{\'{o}}cios},
number = {2},
pages = {210--231},
title = {{The influence of customer value on word of mouth: a study of the financial services company in Brazil.}},
url = {http://10.0.30.139/rbgn.v20i2.3798{\%}0Ahttp://ezproxy.liberty.edu/login?url=http://search.ebscohost.com/login.aspx?direct=true{\&}db=bth{\&}AN=128851272{\&}site=ehost-live{\&}scope=site},
volume = {20},
year = {2018}
}
@article{Hennig-Thurau2010,
author = {Hennig-Thurau, Thorsten and Malthouse, Edward C and Friege, Christian and Gensler, Sonja and Lobschat, Lara and Rangaswamy, Arvind and Skiera, Bernd},
doi = {10.1177/1094670510375460},
journal = {Journal of Service Research},
number = {3},
pages = {311--330},
title = {{The Impact of New Media on Customer Relationships}},
url = {http://journals.sagepub.com/doi/abs/10.1177/1094670510375460},
volume = {13},
year = {2010}
}
@article{Stahl2011,
author = {Stahl, Florian and Heitmann, Mark},
journal = {Working Papers},
number = {4},
pages = {44--63},
title = {{The Impact of Brand Equity on Customer Acquisition, Retention, and Profit Margin}},
volume = {76},
year = {2011}
}
@article{Meyer-Waarden2007,
author = {Meyer-Waarden, Lars},
doi = {https://doi.org/10.1016/j.jretai.2007.01.002},
isbn = {0022-4359},
journal = {Journal of Retailing},
number = {2},
pages = {223--236},
title = {{The effects of loyalty programs on customer lifetime duration and share of wallet}},
url = {http://www.sciencedirect.com/science/article/pii/S0022435907000218},
volume = {83},
year = {2007}
}
@article{Li2017,
author = {Li, Feng and Du, Timon C.},
doi = {10.1016/j.eswa.2017.07.004},
isbn = {8522603510},
issn = {09574174},
journal = {Expert Systems with Applications},
pages = {338--351},
publisher = {Elsevier Ltd},
title = {{The effectiveness of word of mouth in offline and online social networks}},
url = {http://dx.doi.org/10.1016/j.eswa.2017.07.004},
volume = {88},
year = {2017}
}
@article{Duan2008,
author = {Duan, Wenjing and Gu, Bin and Whinston, Andrew B.},
doi = {10.1016/j.jretai.2008.04.005},
isbn = {0022-4359},
issn = {00224359},
journal = {Journal of Retailing},
number = {2},
pages = {233--242},
pmid = {32737074},
title = {{The dynamics of online word-of-mouth and product sales-An empirical investigation of the movie industry}},
volume = {84},
year = {2008}
}
@article{Prentice2016,
author = {Prentice, Author R L and Kalbfleisch, J D and Peterson, A V and Flournoy, N and Farewell, V T and Breslow, N E},
journal = {Biometrics},
number = {4},
pages = {541--554},
title = {{The Analysis of Failure Times in the Presence of Competing Risks}},
url = {https://www.jstor.org/stable/2530374},
volume = {34},
year = {2016}
}
@article{Pesa2016,
author = {Pe{\v{s}}a, Anita Radman and Brajkovi{\'{c}}, Ana},
doi = {10.5195/EMAJ.2016.92},
issn = {2158-8708},
journal = {EMAJ: Emerging Markets Journal},
number = {1},
pages = {1--16},
pmid = {1764155077},
title = {{Testing The ‘Black Swan Effect' on Croatian Stock Market Between 2000 and 2013}},
url = {http://emaj.pitt.edu/ojs/index.php/emaj/article/view/92},
volume = {6},
year = {2016}
}
@article{Taylor2003,
author = {Taylor, Curtis R.},
doi = {10.2307/1593715},
isbn = {07416261},
issn = {07416261},
journal = {The RAND Journal of Economics},
number = {2},
pages = {223},
title = {{Supplier Surfing: Competition and Consumer Behavior in Subscription Markets}},
url = {http://doi.wiley.com/10.2307/1593715},
volume = {34},
year = {2003}
}
@article{Risselada2010,
author = {Risselada, Hans and Verhoef, Peter C. and Bijmolt, Tammo H A},
doi = {10.1016/j.intmar.2010.04.002},
isbn = {1094-9968},
issn = {10949968},
journal = {Journal of Interactive Marketing},
number = {3},
pages = {198--208},
publisher = {Elsevier B.V.},
title = {{Staying Power of Churn Prediction Models}},
url = {http://dx.doi.org/10.1016/j.intmar.2010.04.002},
volume = {24},
year = {2010}
}
@article{Verbeke2014,
author = {Verbeke, Wouter and Martens, David and Baesens, Bart},
doi = {10.1016/j.asoc.2013.09.017},
isbn = {1568-4946},
issn = {15684946},
journal = {Applied Soft Computing Journal},
number = {PART C},
pages = {431--446},
publisher = {Elsevier B.V.},
title = {{Social network analysis for customer churn prediction}},
url = {http://dx.doi.org/10.1016/j.asoc.2013.09.017},
volume = {14},
year = {2014}
}
@article{Godes2012,
abstract = {We investigate the evolution of onlinie ratings over time and sequence [...]},
author = {Godes, David and Silva, Jose C},
doi = {1526-548x},
journal = {Marketing Science - Informs},
number = {3},
pages = {448--473},
title = {{Sequential and temporal dynamic of Online Opinion}},
volume = {31},
year = {2012}
}
@article{Fader2005,
author = {Fader, Peter S. and Hardie, Bruce G.S. and Lee, Ka Lok},
doi = {10.1509/jmkr.2005.42.4.415},
isbn = {00222437},
issn = {0022-2437},
journal = {Journal of Marketing Research},
number = {4},
pages = {415--430},
pmid = {18449784},
title = {{RFM and CLV: Using Iso-Value Curves for Customer Base Analysis}},
url = {http://journals.ama.org/doi/abs/10.1509/jmkr.2005.42.4.415},
volume = {42},
year = {2005}
}
@article{Amado2018,
archivePrefix = {arXiv},
arxivId = {1604.08816},
author = {Amado, Alexandra and Cortez, Paulo and Rita, Paulo and Moro, S{\'{e}}rgio},
doi = {10.1016/j.iedeen.2017.06.002},
eprint = {1604.08816},
isbn = {0167-9236},
issn = {24448834},
journal = {European Research on Management and Business Economics},
number = {1},
pages = {1--7},
pmid = {20645026},
publisher = {AEDEM},
title = {{Research trends on Big Data in Marketing: A text mining and topic modeling based literature analysis}},
url = {http://dx.doi.org/10.1016/j.iedeen.2017.06.002},
volume = {24},
year = {2018}
}
@article{Geetha2017,
author = {Geetha, M. and Singha, Pratap and Sinha, Sumedha},
doi = {10.1016/j.tourman.2016.12.022},
isbn = {0261-5177},
issn = {02615177},
journal = {Tourism Management},
pages = {43--54},
publisher = {Elsevier Ltd},
title = {{Relationship between customer sentiment and online customer ratings for hotels - An empirical analysis}},
url = {http://dx.doi.org/10.1016/j.tourman.2016.12.022},
volume = {61},
year = {2017}
}
@article{Camargo2011,
author = {Camargo, Lu{\'{i}}s Felipe Riehs and Vaccaro, Guilherme Luis Roehe},
doi = {10.1590/S0104-530X2011000200005},
issn = {0104-530X},
journal = {Gest{\~{a}}o {\&} Produ{\c{c}}{\~{a}}o},
pages = {285--298},
title = {{Proposi{\c{c}}{\~{a}}o de um modelo baseado em Customer Lifetime Value para a an{\'{a}}lise de melhorias no sistema produtivo}},
volume = {18},
year = {2011}
}
@article{Backiel2016,
author = {Backiel, Aim{\'{e}}e and Baesens, Bart and Claeskens, Gerda},
doi = {10.1057/jors.2016.8},
issn = {14769360},
journal = {Journal of the Operational Research Society},
number = {9},
pages = {1135--1145},
publisher = {Palgrave Macmillan UK},
title = {{Predicting time-to-churn of prepaid mobile telephone customers using social network analysis}},
volume = {67},
year = {2016}
}
@article{Lee2017,
author = {Lee, Eui-Bang and Kim, Jinwha and Lee, Sang-Gun},
doi = {10.1108/IMDS-12-2015-0509},
isbn = {IMDS-12-2015-0509},
issn = {0263-5577},
journal = {Industrial Management {\&} Data Systems},
number = {1},
pages = {90--109},
title = {{Predicting customer churn in mobile industry using data mining technology}},
url = {http://www.emeraldinsight.com/doi/10.1108/IMDS-12-2015-0509},
volume = {117},
year = {2017}
}
@article{BilalZoric2016,
author = {{Bilal Zoric}, Alisa},
doi = {10.7906/indecs.14.2.1},
issn = {1334-4676},
journal = {Interdisciplinary Description of Complex Systems},
number = {2},
pages = {116--124},
title = {{Predicting Customer Churn in Banking Industry using Neural Networks}},
url = {http://indecs.eu/index.php?s=x{\&}y=2016{\&}p=116-124},
volume = {14},
year = {2016}
}
@article{Wang2010,
author = {Wang, Guoxun and Liu, Liang and Peng, Yi and Nie, Guangli and Kou, Gang and Shi, Yong},
doi = {10.1109/WI-IAT.2010.237},
isbn = {9780769541914},
journal = {Proceedings - 2010 IEEE/WIC/ACM International Conference on Web Intelligence and Intelligent Agent Technology - Workshops, WI-IAT 2010},
pages = {215--218},
title = {{Predicting credit card holder churn in banks of China using data mining and MCDM}},
year = {2010}
}
@article{Lien2018,
author = {Lien, Che Hui and Wu, Jyh Jeng and Hsu, Maxwell K. and Wang, Stephen W.},
doi = {10.1108/IJBM-05-2017-0097},
issn = {02652323},
journal = {International Journal of Bank Marketing},
number = {4},
pages = {764--783},
title = {{Positive moods and word-of-mouth in the banking industry: A moderated mediation model of perceived value and relational benefits}},
volume = {36},
year = {2018}
}
@article{Schweidel2011,
author = {Schweidel, David A and Bradlow, Eric T and Fader, Peter S and Schweidel, David A and Bradlow, Eric T and Fader, Peter S},
doi = {1526-5501-11-5703-0471},
journal = {Management Science},
number = {3},
pages = {471--486},
title = {{Portfolio Dynamics for Customers Multiservice Provider}},
volume = {57},
year = {2011}
}
@article{Ma2008,
author = {Ma, Ming and Li, Zehui and Chen, Jinyuan},
doi = {https://doi.org/10.1016/j.ejor.2007.03.018},
isbn = {0377-2217},
journal = {European Journal of Operational Research},
number = {1},
pages = {313--326},
title = {{Phase-type distribution of customer relationship with Markovian response and marketing expenditure decision on the customer lifetime value}},
url = {http://www.sciencedirect.com/science/article/pii/S0377221707003542},
volume = {187},
year = {2008}
}
@article{Darzi2018,
author = {Darzi, Mushtaq Ahmad and Bhat, Suhail Ahmad},
doi = {10.1108/IJBM-04-2017-0074},
isbn = {0220170037},
issn = {02652323},
journal = {International Journal of Bank Marketing},
number = {4},
pages = {663--679},
title = {{Personnel capability and customer satisfaction as predictors of customer retention in the banking sector: A mediated-moderation study}},
volume = {36},
year = {2018}
}
@article{Abdolvand2015,
author = {Abdolvand, Neda and Albadvi, Amir and Aghdasi, Mohammad},
doi = {10.1080/00207543.2015.1026613},
isbn = {00207543 (ISSN)},
issn = {1366588X},
journal = {International Journal of Production Research},
number = {18},
pages = {5472--5483},
publisher = {Taylor {\&} Francis},
title = {{Performance management using a value-based customer-centered model}},
url = {http://dx.doi.org/10.1080/00207543.2015.1026613},
volume = {53},
year = {2015}
}
@article{Zhou2012,
author = {Zhou, Wenqi and Duan, Wenjing},
doi = {10.1016/j.elerap.2011.12.002},
issn = {15674223},
journal = {Electronic Commerce Research and Applications},
number = {3},
pages = {275--289},
publisher = {Elsevier B.V.},
title = {{Online user reviews, product variety, and the long tail: An empirical investigation on online software downloads}},
url = {http://dx.doi.org/10.1016/j.elerap.2011.12.002},
volume = {11},
year = {2012}
}
@article{Ferrentino2016,
author = {Ferrentino, R. and Cuomo, M. T. and Boniello, C.},
doi = {10.1007/s10287-016-0266-1},
issn = {16196988},
journal = {Computational Management Science},
number = {4},
pages = {521--539},
publisher = {Springer Berlin Heidelberg},
title = {{On the customer lifetime value: a mathematical perspective}},
volume = {13},
year = {2016}
}
@article{Verbeke2012,
author = {Verbeke, Wouter and Dejaeger, Karel and Martens, David and Hur, Joon and Baesens, Bart},
doi = {10.1016/j.ejor.2011.09.031},
isbn = {03772217},
issn = {03772217},
journal = {European Journal of Operational Research},
number = {1},
pages = {211--229},
publisher = {Elsevier B.V.},
title = {{New insights into churn prediction in the telecommunication sector: A profit driven data mining approach}},
url = {http://dx.doi.org/10.1016/j.ejor.2011.09.031},
volume = {218},
year = {2012}
}
@article{Clayton1985,
author = {Clayton, David and Cuzick, Jack},
journal = {Journal of the Royal Statistical Society. Series A (General)},
number = {2},
pages = {82--117},
title = {{Multivariate Generalizations of the Proportional Hazards Model}},
url = {https://www.jstor.org/stable/2981943},
volume = {148},
year = {1985}
}
@phdthesis{Scrivano2006,
author = {Scrivano, Tiago},
pages = {126},
school = {University of Sao Paulo},
title = {{Modelo de gest{\~{a}}o estrat{\'{e}}gica de clientes baseado em valor}},
type = {Bachelors Thesis},
year = {2006}
}
@article{Gupta2006,
archivePrefix = {arXiv},
arxivId = {229-Ulaga-RelatQuality-2006},
author = {Gupta, Sunil and Hanssens, Dominique and Hardie, Bruce and Kahn, Wiliam and Kumar, V. and Lin, Nathaniel and Ravishanker, Nalini and Sriram, S.},
doi = {10.1177/1094670506293810},
eprint = {229-Ulaga-RelatQuality-2006},
isbn = {10946705},
issn = {10946705},
journal = {Journal of Service Research},
number = {2},
pages = {139--155},
pmid = {11355056},
title = {{Modeling customer lifetime value}},
volume = {9},
year = {2006}
}
@article{Lycett2017,
author = {Lycett, M and Marshan, A},
journal = {AMCIS 2017 - America's Conference on Information Systems: A Tradition of Innovation},
title = {{Modeling connected customer lifetime value (CCLV) in the banking domain}},
url = {https://www.scopus.com/inward/record.uri?eid=2-s2.0-85048361094{\&}partnerID=40{\&}md5=60f135c0526dc007a166fbb08382ea2c},
year = {2017}
}
@phdthesis{Gharaee2009,
author = {Gharaee, Roudabeh},
pages = {164},
school = {Lulea University of Technology},
title = {{Modeling CLV for Financial Service Providers : Case of Karafarin Bank}},
type = {Masters Thesis},
year = {2009}
}
@article{Glady2009,
author = {Glady, Nicolas and Baesens, Bart and Croux, Christophe},
doi = {10.1016/j.ejor.2008.06.027},
isbn = {0377-2217},
issn = {03772217},
journal = {European Journal of Operational Research},
number = {1},
pages = {402--411},
pmid = {904027697},
publisher = {Elsevier B.V.},
title = {{Modeling churn using customer lifetime value}},
url = {http://dx.doi.org/10.1016/j.ejor.2008.06.027},
volume = {197},
year = {2009}
}
@article{Jasek2018,
author = {Jasek, Pavel and Vrana, Lenka and Sperkova, Lucie and Smutny, Zdenek and Kobulsky, Marek},
doi = {10.3390/informatics5010002},
issn = {2227-9709},
journal = {Informatics},
number = {1},
pages = {2},
title = {{Modeling and Application of Customer Lifetime Value in Online Retail}},
url = {http://www.mdpi.com/2227-9709/5/1/2},
volume = {5},
year = {2018}
}
@article{Santanna2007,
author = {Santanna, Annibal Parracho and Ribeiro, Rodrigo Otavio Araujo},
journal = {Relatorios de Pesquisa em Eng de Produ{\c{c}}{\~{a}}o},
number = {6},
pages = {1--10},
title = {{Modelagem estoc{\'{a}}stica aplicada a predi{\c{c}}{\~{a}}o do valor do relacionamento de clientes}},
volume = {7},
year = {2007}
}
@article{Botelho2010,
author = {Botelho, Delane and Tostes, Frederico Damian},
doi = {10.1590/S0034-75902010000400005},
issn = {0034-7590},
journal = {Revista de Administra{\c{c}}{\~{a}}o de Empresas},
number = {4},
pages = {396--410},
title = {{Modelagem de probabilidade de churn}},
url = {http://www.scielo.br/scielo.php?script=sci{\_}arttext{\&}pid=S0034-75902010000400005{\&}lng=pt{\&}tlng=pt},
volume = {50},
year = {2010}
}
@article{Chan2011,
author = {Chan, Tat Y and Chunnhua, W and Xie, Y},
doi = {10.1287/mksc.1110.0658},
journal = {Marketing Science - Informs},
number = {5},
pages = {837--850},
title = {{Measuring the Lifetime Value of Customers Acquired from Google Search Advertising}},
volume = {30},
year = {2011}
}
@article{Sunder2016,
author = {Sunder, Sarang and Kumar, V and Zhao, Yi},
doi = {10.1509/jmr.14.0641},
journal = {Journal of Marketing Research},
number = {6},
pages = {901--921},
title = {{Measuring the Lifetime Value of a Customer in the Consumer Packaged Goods Industry}},
url = {http://journals.ama.org/doi/abs/10.1509/jmr.14.0641},
volume = {53},
year = {2016}
}
@article{Kumar2006,
author = {Kumar, V and Shah, Denish and Venkatesan, Rajkumar},
doi = {https://doi.org/10.1016/j.jretai.2006.08.002},
isbn = {0022-4359},
journal = {Journal of Retailing},
number = {4},
pages = {277--294},
title = {{Managing retailer profitability—one customer at a time!}},
url = {http://www.sciencedirect.com/science/article/pii/S0022435906000510},
volume = {82},
year = {2006}
}
@article{Kumar2006a,
author = {Kumar, V and Lemon, Katherine N and Parasuraman, A},
doi = {10.1177/1094670506293558},
journal = {Journal of Service Research},
number = {2},
pages = {87--94},
title = {{Managing Customers for Value:An Overview and Research Agenda}},
url = {http://journals.sagepub.com/doi/abs/10.1177/1094670506293558},
volume = {9},
year = {2006}
}
@article{Lee2009,
author = {Lee, Jonathan and Morrin, Maureen and Lee, Janghyuk},
doi = {10.1108/08876040910995293},
isbn = {0887-6045},
issn = {08876045},
journal = {Journal of Services Marketing},
number = {7},
pages = {508--516},
pmid = {212615473},
title = {{Managing adoption barriers in integrated banking services}},
volume = {23},
year = {2009}
}
@article{Voigt2016,
author = {Voigt, Sebastian and Hinz, Oliver},
doi = {10.1007/s12599-015-0395-z},
isbn = {1867-0202},
issn = {18670202},
journal = {Business and Information Systems Engineering},
number = {2},
pages = {107--118},
publisher = {Springer Fachmedien Wiesbaden},
title = {{Making Digital Freemium Business Models a Success: Predicting Customers' Lifetime Value via Initial Purchase Information}},
volume = {58},
year = {2016}
}
@article{Barboza2017,
author = {Barboza, Flavio and Kimura, Herbert and Altman, Edward},
doi = {10.1016/j.eswa.2017.04.006},
issn = {09574174},
journal = {Expert Systems with Applications},
pages = {405--417},
publisher = {Elsevier Ltd},
title = {{Machine learning models and bankruptcy prediction}},
url = {http://dx.doi.org/10.1016/j.eswa.2017.04.006},
volume = {83},
year = {2017}
}
@misc{Little,
author = {Little, Roderick},
keywords = {MIssing data,modelling},
publisher = {University of Michigan},
title = {{Likelihood-based methods with missing data}}
}
@article{Pauwels2016,
author = {Pauwels, Koen and Aksehirli, Zeynep and Lackman, Andrew},
doi = {10.1016/j.ijresmar.2016.01.005},
isbn = {0167-8116},
issn = {01678116},
journal = {International Journal of Research in Marketing},
number = {3},
pages = {639--655},
publisher = {Elsevier B.V.},
title = {{Like the ad or the brand? Marketing stimulates different electronic word-of-mouth content to drive online and offline performance}},
url = {http://dx.doi.org/10.1016/j.ijresmar.2016.01.005},
volume = {33},
year = {2016}
}
@article{Hiziroglu2012,
author = {Hiziroglu, Abdulkadir and Sengul, Serkan},
doi = {10.1016/j.sbspro.2012.09.129},
isbn = {1877-0428},
issn = {18770428},
journal = {Procedia - Social and Behavioral Sciences},
pages = {766--774},
title = {{Investigating Two Customer Lifetime Value Models from Segmentation Perspective}},
url = {http://linkinghub.elsevier.com/retrieve/pii/S1877042812035707},
volume = {62},
year = {2012}
}
@article{Garcia2017,
author = {Garc{\'{i}}a, David L. and Nebot, {\`{A}}ngela and Vellido, Alfredo},
doi = {10.1007/s10115-016-0995-z},
isbn = {1568-4946},
issn = {02193116},
journal = {Knowledge and Information Systems},
number = {3},
pages = {719--774},
title = {{Intelligent data analysis approaches to churn as a business problem: a survey}},
volume = {51},
year = {2017}
}
@article{Garcia2017a,
author = {Garc{\'{i}}a, David L. and Nebot, {\`{A}}ngela and Vellido, Alfredo},
doi = {10.1007/s10115-016-0995-z},
isbn = {1568-4946},
issn = {02193116},
journal = {Knowledge and Information Systems},
number = {3},
pages = {719--774},
publisher = {Springer London},
title = {{Intelligent data analysis approaches to churn as a business problem: a survey}},
volume = {51},
year = {2017}
}
@article{Liu2005,
author = {Liu, Duen-Ren and Shih, Ya-Yueh},
doi = {https://doi.org/10.1016/j.im.2004.01.008},
isbn = {0378-7206},
journal = {Information {\&} Management},
number = {3},
pages = {387--400},
title = {{Integrating AHP and data mining for product recommendation based on customer lifetime value}},
url = {http://www.sciencedirect.com/science/article/pii/S0378720604000394},
volume = {42},
year = {2005}
}
@article{Rubin1976,
author = {Rubin, Donald B},
journal = {Biometrika},
number = {3},
pages = {581--592},
title = {{Inference and missing data}},
volume = {63},
year = {1976}
}
@article{Musalem2009,
author = {Musalem, Andr{\'{e}}s and Joshi, Yogesh V.},
doi = {10.1287/mksc.1080.0424},
isbn = {07322399},
issn = {0732-2399},
journal = {Marketing Science},
number = {3},
pages = {555--565},
pmid = {43930819},
title = {{How Much Should You Invest in Each Customer Relationship? A Competitive Strategic Approach}},
url = {http://pubsonline.informs.org/doi/10.1287/mksc.1080.0424},
volume = {28},
year = {2009}
}
@article{Estrella-Ramon2016,
author = {Estrella-Ramon, Antonia and S{\'{a}}nchez-P{\'{e}}rez, Manuel and Swinnen, Gilbert},
doi = {10.1108/IntR-03-2015-0092},
isbn = {0420170014},
issn = {10662243},
journal = {Internet Research},
number = {5},
pages = {1072--1092},
pmid = {42012058},
title = {{How customers' offline experience affects the adoption of online banking}},
volume = {26},
year = {2016}
}
@misc{PaulHitlin,
author = {{Paul Hitlin}},
keywords = {algorithm,methodology},
title = {{How Crinsom Hexagonal Works?}}
}
@article{Venkatesan2016,
author = {Venkatesan, R and Kumar},
journal = {Journal of Marketing},
number = {4},
pages = {106--125},
title = {{Framework for Customer Selection and Resource Allocation Strategy}},
url = {http://www.jstor.org/stable/30162020},
volume = {68},
year = {2016}
}
@article{Meuter2013,
author = {Meuter, Matthew L. and McCabe, Deborah Brown and Curran, James M.},
doi = {10.1080/15332969.2013.798201},
issn = {15332969},
journal = {Services Marketing Quarterly},
number = {3},
pages = {240--256},
title = {{Electronic Word-of-Mouth Versus Interpersonal Word-of-Mouth: Are All Forms of Word-of-Mouth Equally Influential?}},
volume = {34},
year = {2013}
}
@article{Michel2017,
author = {Michel, Ren{\'{e}} and Schnakenburg, Igor and von Martens, Tobias},
doi = {10.1108/JRIM-10-2015-0080},
issn = {20407122},
journal = {Journal of Research in Interactive Marketing},
number = {1},
pages = {2--15},
title = {{Effective customer selection for marketing campaigns based on net scores}},
volume = {11},
year = {2017}
}
@article{GurAli2014,
author = {{G{\"{u}}r Ali}, {\"{O}}zden and Arit{\"{u}}rk, Umut},
doi = {10.1016/j.eswa.2014.06.018},
isbn = {09574174},
issn = {09574174},
journal = {Expert Systems with Applications},
number = {17},
pages = {7889--7903},
title = {{Dynamic churn prediction framework with more effective use of rare event data: The case of private banking}},
volume = {41},
year = {2014}
}
@article{Nenonen2016,
author = {Nenonen, Suvi and Storbacka, Kaj},
doi = {10.1016/j.indmarman.2015.05.019},
isbn = {0019-8501},
issn = {00198501},
journal = {Industrial Marketing Management},
publisher = {Elsevier Inc.},
title = {{Driving shareholder value with customer asset management: Moving beyond customer lifetime value}},
url = {http://dx.doi.org/10.1016/j.indmarman.2015.05.019},
volume = {52},
year = {2016}
}
@article{Hennig-Thurau2015,
archivePrefix = {arXiv},
arxivId = {arXiv:1011.1669v3},
author = {Hennig-Thurau, Thorsten and Wiertz, Caroline and Feldhaus, Fabian},
doi = {10.1007/s11747-014-0388-3},
isbn = {0092-0703},
issn = {00920703},
journal = {Journal of the Academy of Marketing Science},
number = {3},
pages = {375--394},
pmid = {25246403},
title = {{Does Twitter matter? The impact of microblogging word of mouth on consumers' adoption of new movies}},
volume = {43},
year = {2015}
}
@article{Bass1995,
author = {Bass, Frank M. and Muller, Eitan and Mahajan, Vijay},
doi = {10.1257/0002828041464551},
issn = {0002-8282},
journal = {Marketing Science},
month = {may},
number = {3},
publisher = {Marketing Science},
title = {{Diffusion of New Products: Empirical Generalizations and Managerial Uses}},
url = {http://pubs.aeaweb.org/doi/10.1257/0002828041464551},
volume = {14},
year = {1995}
}
@article{ZamaniSabzi2017,
author = {{Zamani Sabzi}, Hamed and King, James Phillip and Abudu, Shalamu},
doi = {10.1016/j.eswa.2017.04.039},
issn = {09574174},
journal = {Expert Systems with Applications},
keywords = {ANFIS,ANN,ARIMA,Data mining,Hybrid model of ANN-ARIMA,Streamflow prediction},
pages = {145--163},
publisher = {Elsevier Ltd},
title = {{Developing an intelligent expert system for streamflow prediction, integrated in a dynamic decision support system for managing multiple reservoirs: A case study}},
url = {http://dx.doi.org/10.1016/j.eswa.2017.04.039},
volume = {83},
year = {2017}
}
@article{Keramati2016,
author = {Keramati, Abbas and Ghaneei, Hajar and Mirmohammadi, Seyed Mohammad},
doi = {10.1186/s40854-016-0029-6},
issn = {2199-4730},
journal = {Financial Innovation},
number = {1},
pages = {10},
publisher = {Financial Innovation},
title = {{Developing a prediction model for customer churn from electronic banking services using data mining}},
url = {http://jfin-swufe.springeropen.com/articles/10.1186/s40854-016-0029-6},
volume = {2},
year = {2016}
}
@article{Chong2017,
author = {Chong, Eunsuk and Han, Chulwoo and Park, Frank C.},
doi = {10.1016/j.eswa.2017.04.030},
isbn = {0957-4174},
issn = {09574174},
journal = {Expert Systems with Applications},
pages = {187--205},
publisher = {Elsevier Ltd},
title = {{Deep learning networks for stock market analysis and prediction: Methodology, data representations, and case studies}},
url = {http://dx.doi.org/10.1016/j.eswa.2017.04.030},
volume = {83},
year = {2017}
}
@article{Gordini2017,
author = {Gordini, Niccol{\`{o}} and Veglio, Valerio},
doi = {10.1016/j.indmarman.2016.08.003},
isbn = {00198501},
issn = {00198501},
journal = {Industrial Marketing Management},
pages = {100--107},
publisher = {Elsevier Inc.},
title = {{Customers churn prediction and marketing retention strategies. An application of support vector machines based on the AUC parameter-selection technique in B2B e-commerce industry}},
url = {http://dx.doi.org/10.1016/j.indmarman.2016.08.003},
volume = {62},
year = {2017}
}
@article{Fader2010,
author = {Fader, Peter S. and Hardie, Bruce G. S.},
doi = {10.1287/mksc.1080.0482},
isbn = {07322399},
issn = {0732-2399},
journal = {Marketing Science},
number = {1},
pages = {85--93},
title = {{Customer-Base Valuation in a Contractual Setting: The Perils of Ignoring Heterogeneity}},
url = {http://pubsonline.informs.org/doi/10.1287/mksc.1080.0482},
volume = {29},
year = {2010}
}
@article{Zhang2016,
author = {Zhang, Hao and Liang, Xiaoning and Wang, Shiquan},
doi = {10.1016/j.jbusres.2015.09.018},
issn = {01482963},
journal = {Journal of Business Research},
number = {9},
pages = {3725--3730},
publisher = {Elsevier Inc.},
title = {{Customer value anticipation, product innovativeness, and customer lifetime value: The moderating role of advertising strategy}},
url = {http://dx.doi.org/10.1016/j.jbusres.2015.09.018},
volume = {69},
year = {2016}
}
@article{Clemes2007,
author = {Clemes, Michael D and Gan, C and Zheng, Li Y},
isbn = {0000000256},
journal = {Banks and Bank System},
number = {4},
pages = {50--65},
title = {{Customer switching behavior in the New Zealand banking industry}},
volume = {2},
year = {2007}
}
@article{Keaveney1995,
archivePrefix = {arXiv},
arxivId = {0022-2429},
author = {Keaveney, Susan M.},
doi = {10.2307/1252074},
eprint = {0022-2429},
isbn = {00222429},
issn = {00222429},
journal = {Journal of Marketing},
number = {2},
pages = {71},
pmid = {9504245048},
title = {{Customer Switching Behavior in Service Industries: An Exploratory Study}},
url = {http://www.jstor.org/stable/1252074?origin=crossref},
volume = {59},
year = {1995}
}
@article{Kim2006,
author = {Kim, Su-Yeon and Jung, Tae-Soo and Suh, Eui-Ho and Hwang, Hyun-Seok},
doi = {https://doi.org/10.1016/j.eswa.2005.09.004},
isbn = {0957-4174},
journal = {Expert Systems with Applications},
number = {1},
pages = {101--107},
title = {{Customer segmentation and strategy development based on customer lifetime value: A case study}},
url = {http://www.sciencedirect.com/science/article/pii/S0957417405001934},
volume = {31},
year = {2006}
}
@article{Rajendran2017,
author = {Rajendran, Ragu Prasadh and Suresh, Jayshree},
issn = {10834346},
journal = {International Journal of Business},
number = {3},
pages = {251--274},
title = {{Customer satisfaction index as a performance evaluation metric: A study on indian e-banking industry}},
volume = {22},
year = {2017}
}
@article{Richards2008,
author = {Richards, Keith A and Jones, Eli},
doi = {https://doi.org/10.1016/j.indmarman.2006.08.005},
isbn = {0019-8501},
journal = {Industrial Marketing Management},
number = {2},
pages = {120--130},
title = {{Customer relationship management: Finding value drivers}},
url = {http://www.sciencedirect.com/science/article/pii/S0019850106001581},
volume = {37},
year = {2008}
}
@article{Cermak2015,
author = {Cermak, Petr},
doi = {10.1016/S2212-5671(15)00708-X},
issn = {22125671},
journal = {Procedia Economics and Finance},
number = {May},
pages = {14--25},
title = {{Customer Profitability Analysis and Customer Life Time Value Models: Portfolio Analysis}},
url = {http://linkinghub.elsevier.com/retrieve/pii/S221256711500708X},
volume = {25},
year = {2015}
}
@article{Gupta2006a,
author = {Gupta, Sunil and Zeithaml, Valarie},
doi = {10.1287/mksc.l060.0221},
journal = {Marketing Science},
number = {6},
pages = {718--739},
title = {{Customer metric and their impact on financial performance}},
volume = {25},
year = {2006}
}
@article{Ching2004,
author = {Ching, W. K. and Ng, M. K. and Wong, K. K. and Altman, E.},
doi = {10.1057/palgrave.jors.2601755},
isbn = {0160-5682},
issn = {01605682},
journal = {Journal of the Operational Research Society},
number = {8},
pages = {860--868},
title = {{Customer lifetime value: Stochastic optimization approach}},
volume = {55},
year = {2004}
}
@article{Berger1998,
author = {Berger, Paul D and Nasr, Nada I},
doi = {doi:10.1002/(SICI)1520-6653(199824)12:1<17::AID-DIR3>3.0.CO;2-K},
journal = {Journal of Interactive Marketing},
number = {1},
pages = {17--30},
title = {{Customer lifetime value: Marketing models and applications}},
volume = {12},
year = {1998}
}
@article{Blattberg2009,
author = {Blattberg, Robert C. and Malthouse, Edward C. and Neslin, Scott A.},
doi = {10.1016/j.intmar.2009.02.005},
isbn = {10949968},
issn = {10949968},
journal = {Journal of Interactive Marketing},
number = {2},
pages = {157--168},
pmid = {41773053},
publisher = {Direct Marketing Educational Foundation, Inc.},
title = {{Customer Lifetime Value: Empirical Generalizations and Some Conceptual Questions}},
url = {http://dx.doi.org/10.1016/j.intmar.2009.02.005},
volume = {23},
year = {2009}
}
@article{Chang2012,
author = {Chang, Wen and Chang, Chen and Li, Qianpin},
doi = {10.2224/sbp.2012.40.7.1057},
issn = {03012212},
journal = {Social Behavior and Personality},
number = {7},
pages = {1057--1064},
title = {{Customer Lifetime Value: A Review}},
url = {http://openurl.ingenta.com/content/xref?genre=article{\&}issn=0301-2212{\&}volume=40{\&}issue=7{\&}spage=1057},
volume = {40},
year = {2012}
}
@article{Jain2002,
author = {Jain, Dipak and Singh, Siddhartha S},
doi = {doi:10.1002/dir.10032},
journal = {Journal of Interactive Marketing},
number = {2},
pages = {34--46},
title = {{Customer lifetime value research in marketing: A review and future directions}},
url = {https://onlinelibrary.wiley.com/doi/abs/10.1002/dir.10032},
volume = {16},
year = {2002}
}
@article{Cheng2012,
author = {Cheng, C. J. and Chiu, S. W. and Cheng, C. B. and Wu, J. Y.},
doi = {10.1016/j.scient.2011.11.045},
isbn = {1026-3098},
issn = {10263098},
journal = {Scientia Iranica},
number = {3},
pages = {849--855},
title = {{Customer lifetime value prediction by a Markov chain based data mining model: Application to an auto repair and maintenance company in Taiwan}},
volume = {19},
year = {2012}
}
@phdthesis{Margarida2009,
author = {Margarida, Ana},
school = {Instituto Superior de Ci{\^{e}}ncias do Trabalho e da Empresa CUSTOMER},
title = {{Customer Lifetime Value na Banca}},
type = {Masters Thesis},
year = {2009}
}
@phdthesis{Cooksley2007,
author = {Cooksley, Glenn},
number = {December},
school = {Victoria University of Wellington},
title = {{Customer Lifetime Value Models: Do they predict actual behaviour?}},
type = {Masters Thesis},
url = {http://hdl.handle.net/10063/1752},
year = {2007}
}
@article{Borle2008,
author = {Borle, Sharad and Singh, Siddharth S and Jones, Jesse H and Jain, Dipak C and Kellogg, L},
doi = {10.1287/mnsc.l070.0746},
isbn = {00251909},
issn = {00251909},
journal = {Management Science},
number = {1},
pages = {100--112},
pmid = {29984784},
title = {{Customer Lifetime Value Measurement}},
volume = {54},
year = {2008}
}
@inproceedings{Tomczyk2014,
author = {Tomczyk, Przemyslaw},
booktitle = {5th EMAC Regional Conference Proceedings},
doi = {10.13140/RG.2.1.4181.7123},
pages = {8},
publisher = {5th EMAC Regional Conference Proceedings},
title = {{Customer Lifetime Value Management and Firm Performance . Empirical Evidence from Polish Insurance Market}},
year = {2014}
}
@article{Wiesel2011,
author = {Wiesel, Thorsten and Skiera, Bernd and Villanueva, Julian},
doi = {https://doi.org/10.1016/j.intmar.2010.12.003},
isbn = {1094-9968},
journal = {Journal of Interactive Marketing},
keywords = {[none]},
number = {1},
pages = {20--22},
title = {{Customer Lifetime Value and Customer Equity Models Using Company-reported Summary Data}},
url = {http://www.sciencedirect.com/science/article/pii/S109499681000085X},
volume = {25},
year = {2011}
}
@article{Ferreira2012,
author = {Ferreira, Jorge Brantes and Freitas, Angilberto Sabino De and Giovannini, Cristiane},
doi = {10.5585/bjm.v11i3.2352},
journal = {REMARK - Revista brasileira de marketing},
number = {3},
pages = {75--99},
title = {{Customer Lifetime Value : Value Analysis of Customers for a Cellular Phone Operator - The Vivo Case}},
volume = {11},
year = {2012}
}
@article{Brandao2006,
author = {Brand{\~{a}}o, Marcelo Moll and Yamamoto, Cleusa Satico},
journal = {30th Encontro Anpad},
keywords = {CLV,marketing,setor bancario},
pages = {1--15},
title = {{Customer Lifetime Value (CLV): Um Estudo Explorat{\'{o}}rio no Setor Banc{\'{a}}rio}},
volume = {1},
year = {2006}
}
@article{Kumar2007,
author = {Kumar, V.},
doi = {10.1561/1700000004},
isbn = {1700000004},
issn = {1555-0753},
journal = {Foundations and Trends{\textregistered} in Marketing},
number = {1},
pages = {1--96},
title = {{Customer Lifetime Value – The Path to Profitability}},
url = {http://www.nowpublishers.com/article/Details/MKT-004},
volume = {2},
year = {2007}
}
@phdthesis{Madeira2014,
author = {Madeira, Maria Jo{\~{a}}o da Costa},
pages = {82},
school = {University of Coimbra},
title = {{Customer Lifetime Value}},
type = {Masters Thesis},
year = {2014}
}
@article{Grewal2009,
author = {Grewal, Dhruv and Levy, Michael and Kumar, V.},
doi = {10.1016/j.jretai.2009.01.001},
isbn = {0022-4359},
issn = {00224359},
journal = {Journal of Retailing},
number = {1},
pages = {1--14},
pmid = {36973536},
title = {{Customer Experience Management in Retailing: An Organizing Framework}},
volume = {85},
year = {2009}
}
@article{Xie2009,
author = {Xie, Yaya and Li, Xiu and Ngai, E. W T and Ying, Weiyun},
doi = {10.1016/j.eswa.2008.06.121},
isbn = {0957-4174},
issn = {09574174},
journal = {Expert Systems with Applications},
number = {3 PART 1},
pages = {5445--5449},
publisher = {Elsevier Ltd},
title = {{Customer churn prediction using improved balanced random forests}},
url = {http://dx.doi.org/10.1016/j.eswa.2008.06.121},
volume = {36},
year = {2009}
}
@article{Huang2012,
author = {Huang, Bingquan and Kechadi, Mohand Tahar and Buckley, Brian},
doi = {10.1016/j.eswa.2011.08.024},
isbn = {9783540260882},
issn = {09574174},
journal = {Expert Systems with Applications},
number = {1},
pages = {1414--1425},
publisher = {Elsevier Ltd},
title = {{Customer churn prediction in telecommunications}},
url = {http://dx.doi.org/10.1016/j.eswa.2011.08.024},
volume = {39},
year = {2012}
}
@article{Zhao2014,
author = {Zhao, Xi and Shi, Yong and Lee, Jongwon and Kim, Heung Kee and Lee, Heeseok},
doi = {10.1142/S0219622014500680},
issn = {0219-6220},
journal = {International Journal of Information Technology {\&} Decision Making},
number = {05},
pages = {1013--1027},
title = {{Customer Churn Prediction Based on Feature Clustering and Nonparallel Support Vector Machine}},
url = {http://www.worldscientific.com/doi/abs/10.1142/S0219622014500680},
volume = {13},
year = {2014}
}
@article{Lewis2006,
author = {Lewis, Michael},
doi = {10.1509/jmkr.43.2.195},
isbn = {00222437},
issn = {0022-2437},
journal = {Journal of Marketing Research},
number = {2},
pages = {195--203},
pmid = {20949380},
title = {{Customer Acquisition Promotions and Customer Asset Value}},
volume = {43},
year = {2006}
}
@article{Nie2011,
author = {Nie, Guangli and Rowe, Wei and Zhang, Lingling and Tian, Yingjie and Shi, Yong},
doi = {10.1016/j.eswa.2011.06.028},
isbn = {0957-4174},
issn = {09574174},
journal = {Expert Systems with Applications},
number = {12},
pages = {15273--15285},
publisher = {Elsevier Ltd},
title = {{Credit card churn forecasting by logistic regression and decision tree}},
url = {http://dx.doi.org/10.1016/j.eswa.2011.06.028},
volume = {38},
year = {2011}
}
@article{Kumar2013,
author = {Kumar, V and Bhaskaran, Vikram and Mirchandani, Rohan and Shah, Milap},
doi = {10.1287/mksc.1120.0768},
journal = {Marketing Science},
number = {2},
pages = {194--212},
title = {{Creating a Measurable Social Media Marketing Strategy: Increasing the Value and ROI of Intangibles and Tangibles for Hokey Pokey}},
url = {https://pubsonline.informs.org/doi/abs/10.1287/mksc.1120.0768},
volume = {32},
year = {2013}
}
@article{Katzenbach2000,
author = {Katzenbach, Jon R. and Smith, Dougas K.},
number = {March 1994},
pages = {1332--1334},
title = {{Copyright {\textcopyright}2000. All Rights Reserved.}},
volume = {64},
year = {2000}
}
@article{Jason2000,
author = {Jason, Weir and Kingsolver, Joel G},
journal = {Management Science},
pages = {41--46},
title = {{Copyright {\textcopyright} 2000. All rights reserved.}},
year = {2000}
}
@phdthesis{Chen2012,
author = {Chen, Chien-lin},
number = {October},
school = {Montfort University},
title = {{Conceptualising Customer Relationship Management and Its Impact on Customer Lifetime Value in the Taiwanese Banking Sector}},
type = {PhD Thesis},
year = {2012}
}
@article{Khodabandehlou2017,
author = {Khodabandehlou, Samira and {Zivari Rahman}, Mahmoud},
doi = {10.1108/JSIT-10-2016-0061},
isbn = {1220150509},
issn = {17588847},
journal = {Journal of Systems and Information Technology},
number = {1-2},
pages = {65--93},
title = {{Comparison of supervised machine learning techniques for customer churn prediction based on analysis of customer behavior}},
volume = {19},
year = {2017}
}
@article{Tamaddoni2015,
author = {Tamaddoni, Ali and Stakhovych, Stanislav and Ewing, Michael},
doi = {10.1177/1094670515616376},
isbn = {1094-6705
1552-7379},
issn = {15527379},
journal = {Journal of Service Research},
number = {2},
pages = {123--141},
title = {{Comparing Churn Prediction Techniques and Assessing Their Performance: A Contingent Perspective}},
volume = {19},
year = {2015}
}
@article{Ramon-Gonen2017,
author = {Ramon-Gonen, Roni and Gelbard, Roy},
doi = {10.1016/j.eswa.2017.04.007},
issn = {09574174},
journal = {Expert Systems with Applications},
pages = {363--378},
publisher = {Elsevier Ltd},
title = {{Cluster evolution analysis: Identification and detection of similar clusters and migration patterns}},
url = {http://dx.doi.org/10.1016/j.eswa.2017.04.007},
volume = {83},
year = {2017}
}
@article{Farquad2014,
author = {Farquad, M. A.H. and Ravi, Vadlamani and Raju, S. Bapi},
doi = {10.1016/j.asoc.2014.01.031},
isbn = {1568-4946},
issn = {15684946},
journal = {Applied Soft Computing Journal},
pages = {31--40},
publisher = {Elsevier B.V.},
title = {{Churn prediction using comprehensible support vector machine: An analytical CRM application}},
url = {http://dx.doi.org/10.1016/j.asoc.2014.01.031},
volume = {19},
year = {2014}
}
@article{Kamakura2005,
address = {Boston},
author = {Kamakura, Wagner and Mela, Carl F and Ansari, Asim and Bodapati, Anand and Fader, Pete and Iyengar, Raghuram and Naik, Prasad and Neslin, Scott and Sun, Baohong and Verhoef, Peter C and Wedel, Michel and Wilcox, Ron},
doi = {10.1007/s11002-005-5892-2},
isbn = {0923-0645},
journal = {Marketing Letters},
number = {3/4},
pages = {279--291},
publisher = {Springer},
title = {{Choice Models and Customer Relationship Management}},
url = {http://uoit.summon.serialssolutions.com/2.0.0/link/0/eLvHCXMwnV1LT-MwEB6hHhCXBcoC4aVcuKw2bOLETnxCJQIhIYrEUpY9WXbiCiRoSx{\_}{\_}nxnnUQHiwmVOjp34Mf6c-fwNQMxOwuCDTxBYNC1MHEoSpJOxEcyS0jczpAheuAvft2n-kA568d8VyJqrMcSydDRBF9RHvGSe7Z-ELmTiPns6eQ0ofRSFWetcGuSLmaDZLaJ-65},
volume = {16},
year = {2005}
}
@article{Malthouse2005,
archivePrefix = {arXiv},
arxivId = {arXiv:1011.1669v3},
author = {Malthouse, Edward C. and Blattberg, Robert C.},
doi = {10.1002/dir.20027},
eprint = {arXiv:1011.1669v3},
isbn = {1094-9968},
issn = {10949968},
journal = {Journal of Interactive Marketing},
number = {1},
pages = {2--16},
pmid = {52932463},
title = {{Can we predict customer lifetime value?}},
volume = {19},
year = {2005}
}
@article{Verbeke2011,
author = {Verbeke, Wouter and Martens, David and Mues, Christophe and Baesens, Bart},
doi = {10.1016/j.eswa.2010.08.023},
isbn = {0957-4174},
issn = {09574174},
journal = {Expert Systems with Applications},
number = {3},
pages = {2354--2364},
publisher = {Elsevier Ltd},
title = {{Building comprehensible customer churn prediction models with advanced rule induction techniques}},
url = {http://dx.doi.org/10.1016/j.eswa.2010.08.023},
volume = {38},
year = {2011}
}
@article{Bogomolova2009,
author = {Bogomolova, Svetlana and Romaniuk, Jenni},
doi = {10.1016/j.jbusres.2008.05.008},
isbn = {0148-2963},
issn = {01482963},
journal = {Journal of Business Research},
number = {3},
pages = {291--296},
publisher = {Elsevier Inc.},
title = {{Brand defection in a business-to-business financial service}},
url = {http://dx.doi.org/10.1016/j.jbusres.2008.05.008},
volume = {62},
year = {2009}
}
@article{Zhao2008,
author = {Zhao, Jing and Dang, Xing-Hua},
doi = {10.1109/WiCom.2008.2509},
isbn = {978-1-4244-2107-7},
journal = {2008 4th International Conference on Wireless Communications, Networking and Mobile Computing},
number = {3},
pages = {1--4},
title = {{Bank Customer Churn Prediction Based on Support Vector Machine: Taking a Commercial Bank's VIP Customer Churn as the Example}},
url = {http://ieeexplore.ieee.org/lpdocs/epic03/wrapper.htm?arnumber=4680698},
volume = {1},
year = {2008}
}
@article{Reinartz2005,
author = {Reinartz, Werner and Thomas, Jacquelyn S. and Kumar, V.},
doi = {10.1509/jmkg.69.1.63.55511},
isbn = {00222429},
issn = {0022-2429},
journal = {Journal of Marketing},
number = {1},
pages = {63--79},
pmid = {15403072},
title = {{Balancing Acquisition and Retention Resources to Maximize Customer Profitability}},
url = {http://journals.ama.org/doi/abs/10.1509/jmkg.69.1.63.55511},
volume = {69},
year = {2005}
}
@article{Tourism2017,
author = {Tourism, Faculty and Mediterranean, Eastern},
number = {2},
pages = {982--989},
title = {{Antecedents of Customer Satisfaction and Positive Word of Mouth in the Internet Banking Sector Ozlem ALTUN Bilge ONEY *}},
volume = {11},
year = {2017}
}
@article{Kahreh2014,
archivePrefix = {arXiv},
arxivId = {arXiv:1202.6201v1},
author = {Kahreh, Mohammad Safari and Tive, Mohammad and Babania, Asghar and Hesan, Mostafa},
doi = {10.1016/j.sbspro.2013.12.511},
eprint = {arXiv:1202.6201v1},
isbn = {1877-0428},
issn = {18770428},
journal = {Procedia - Social and Behavioral Sciences},
number = {January},
pages = {590--594},
title = {{Analyzing the Applications of Customer Lifetime Value (CLV) based on Benefit Segmentation for the Banking Sector}},
url = {http://linkinghub.elsevier.com/retrieve/pii/S1877042813051434},
volume = {109},
year = {2014}
}
@article{Chen2017,
author = {Chen, Kun and Luo, Peng and Wang, Huaiqing},
doi = {10.1016/j.im.2016.06.010},
isbn = {8675588018680},
issn = {03787206},
journal = {Information and Management},
number = {2},
pages = {228--240},
publisher = {Elsevier B.V.},
title = {{An influence framework on product word-of-mouth (WoM) measurement}},
url = {http://dx.doi.org/10.1016/j.im.2016.06.010},
volume = {54},
year = {2017}
}
@article{Abdolvand2015a,
author = {Abdolvand, Neda; and Baradaran, Vahid; and Albadvi, Amir},
issn = {20087055},
journal = {Iranian Journal of Management Studies},
number = {4},
pages = {567--587},
title = {{Activity – level as a link between customer retention and consumer lifetime value}},
volume = {8},
year = {2015}
}
@article{Kumar2018,
author = {Kumar, V.},
doi = {10.1509/jm.17.0208},
issn = {0022-2429},
journal = {Journal of Marketing},
number = {1},
pages = {1--19},
title = {{A Theory of Customer Valuation: Concepts, Metrics, Strategy, and Implementation}},
url = {http://journals.ama.org/doi/10.1509/jm.17.0208},
volume = {82},
year = {2018}
}
@article{Postigo-Boix2018,
author = {Postigo-Boix, Marcos and Melus-Moreno, Jose L},
doi = {10.1016/j.physa.2017.12.121},
journal = {Physica A},
number = {571-592},
title = {{A social model based on customers profiles for analyzing the churning process in the mobile market of data plans}},
volume = {496},
year = {2018}
}
@article{Glady2009a,
author = {Glady, Nicolas and Baesens, Bart and Croux, Christophe},
doi = {https://doi.org/10.1016/j.eswa.2007.12.049},
isbn = {0957-4174},
journal = {Expert Systems with Applications},
number = {2, Part 1},
pages = {2062--2071},
title = {{A modified Pareto/NBD approach for predicting customer lifetime value}},
url = {http://www.sciencedirect.com/science/article/pii/S0957417407006689},
volume = {36},
year = {2009}
}
@article{Estrella-Ramon2017,
author = {Estrella-Ram{\'{o}}n, Antonia and S{\'{a}}nchez-P{\'{e}}rez, Manuel and Swinnen, Gilbert and VanHoof, Koen},
doi = {10.1108/IMDS-03-2016-0107},
issn = {0263-5577},
journal = {Industrial Management {\&} Data Systems},
number = {2},
pages = {250--266},
title = {{A model to improve management of banking customers}},
url = {http://www.emeraldinsight.com/doi/10.1108/IMDS-03-2016-0107},
volume = {117},
year = {2017}
}
@phdthesis{Tavakolijou2009,
author = {Tavakolijou, Mahsa},
school = {Lulea University of Technology},
title = {{A Model to Determine Customer Lifetime Value in Iranian Banking Industry}},
type = {Masters Thesis},
year = {2009}
}
@article{Mzoughia2018,
author = {Mzoughia, Mohamed and Borle, Sharad and Limam, Mohamed},
doi = {10.1002/asmb.2276},
issn = {15241904},
journal = {Appl. Stochastic Models Bus Ind},
pages = {113--127},
title = {{A MCMC approach for modeling customer lifetime behavior using the COM ‐ Poisson distribution}},
volume = {34},
year = {2018}
}

@article{Kumar2010a,
author = {Kumar, V},
doi = {https://doi.org/10.1016/j.intmar.2010.02.008},
isbn = {1094-9968},
journal = {Journal of Interactive Marketing},
number = {2},
pages = {71--85},
title = {{A Customer Lifetime Value-Based Approach to Marketing in the Multichannel, Multimedia Retailing Environment}},
url = {http://www.sciencedirect.com/science/article/pii/S1094996810000198},
volume = {24},
year = {2010}
}
@article{Venkatesan_kumar2004,
author = {{Rajkumar Venkatesan} and Kumar, V},
doi = {10.1509/jmkg.68.4.106.42728},
journal = {Journal of Marketing},
number = {4},
pages = {106--125},
title = {{A Customer Lifetime Value Framework for Customer Selection and Resource Allocation Strategy}},
url = {http://journals.ama.org/doi/abs/10.1509/jmkg.68.4.106.42728},
volume = {68},
year = {2004}
}
@article{Asadabadi2017,
author = {Asadabadi, Mehdi Rajabi},
doi = {10.1016/j.ejor.2017.06.006},
issn = {03772217},
journal = {European Journal of Operational Research},
number = {3},
pages = {1049--1062},
publisher = {Elsevier B.V.},
title = {{A customer based supplier selection process that combines quality function deployment, the analytic network process and a Markov chain}},
volume = {263},
year = {2017}
}
@article{Vafeiadis2015,
author = {Vafeiadis, T. and Diamantaras, K. I. and Sarigiannidis, G. and Chatzisavvas, K. Ch},
doi = {10.1016/j.simpat.2015.03.003},
isbn = {1569190X},
issn = {1569190X},
journal = {Simulation Modelling Practice and Theory},
pages = {1--9},
publisher = {Elsevier B.V.},
title = {{A comparison of machine learning techniques for customer churn prediction}},
url = {http://dx.doi.org/10.1016/j.simpat.2015.03.003},
volume = {55},
year = {2015}
}
@book{Shalev-Shwartz2014,
author = {Shalev-Shwartz, Shai and Ben-david, Shai},
isbn = {9781107057135},
pages = {1--416},
title = {{UNDERSTANDING MACHINE LEARNING From Theory to Algorithms}},
year = {2014}
}
@article{Downey2011,
archivePrefix = {arXiv},
arxivId = {arXiv:1011.1669v3},
author = {Downey, Allen B},
doi = {10.1017/CBO9781107415324.004},
eprint = {arXiv:1011.1669v3},
isbn = {978-1-4493-0710-3},
issn = {1098-6596},
journal = {Psychological Bulletin},
number = {2},
pages = {140},
pmid = {25246403},
title = {{Think Stats: Probability and Statistics for Programmers}},
url = {http://works.bepress.com/allen{\_}downey/10/},
volume = {70},
year = {2011}
}
@article{Anand2011,
archivePrefix = {arXiv},
arxivId = {arXiv:1011.1669v3},
author = {Anand, Rajaraman and Jeffrey, D Ullman},
doi = {10.1017/CBO9781139924801},
eprint = {arXiv:1011.1669v3},
isbn = {9781107077232},
issn = {01420615},
journal = {2011-01-03]. Http://Infolab. Stanford},
pmid = {1107015359},
title = {{Mining of massive datasets}},
url = {http://scholar.google.com/scholar?q=related:o4rvxS-5BtwJ:scholar.google.com/{\&}hl=en{\&}num=20{\&}as{\_}sdt=0,5},
year = {2011}
}
@book{Bowles2015,
archivePrefix = {arXiv},
arxivId = {arXiv:1011.1669v3},
author = {Bowles, Michael},
booktitle = {CEUR Workshop Proceedings},
doi = {10.1017/CBO9781107415324.004},
eprint = {arXiv:1011.1669v3},
isbn = {9788578110796},
issn = {16130073},
pages = {33--36},
pmid = {25246403},
title = {{Machine Learning in Python}},
volume = {1542},
year = {2015}
}
@book{Bowles2015a,
archivePrefix = {arXiv},
arxivId = {arXiv:1011.1669v3},
author = {Bowles, Michael},
booktitle = {Journal of Chemical Information and Modeling},
doi = {10.1017/CBO9781107415324.004},
eprint = {arXiv:1011.1669v3},
isbn = {9788578110796},
issn = {1098-6596},
keywords = {icle},
number = {9},
pages = {1689--1699},
pmid = {25246403},
title = {{Machine Learning in Python}},
volume = {53},
year = {2015}
}
@book{Muller2016,
archivePrefix = {arXiv},
arxivId = {arXiv:1011.1669v3},
author = {M{\"{u}}ller, Andreas C and Guido, Sarah},
doi = {10.1017/CBO9781107415324.004},
eprint = {arXiv:1011.1669v3},
isbn = {978-1-4493-6941-5},
issn = {1098-6596},
pages = {392},
pmid = {25246403},
title = {{Introduction to Machine Learning with Python}},
year = {2016}
}
@book{Geron,
archivePrefix = {arXiv},
arxivId = {1412.3919},
author = {G{\'{e}}ron, Aur{\'{e}}lien},
doi = {10.3389/fninf.2014.00014},
eprint = {1412.3919},
isbn = {9781491962299},
issn = {1662-5196},
pmid = {24600388},
publisher = {O'Reilly},
year = {2017},
title = {{Hands-On Machine Learning with Scikit-Learn}}
}
@article{Blum2013,
abstract = {Draft},
author = {Blum, Avrim and Hopcroft, John and Kannan, Ravindran},
doi = {10.13140/2.1.5115.0726},
pages = {407},
title = {{Foundations of Data Science}},
year = {2013}
}
@book{Linnhoff-Popien2017,
author = {Linnhoff-Popien, Claudia and Schneider, Ralf and Zaddach, Michael},
booktitle = {Digital Marketplaces Unleashed},
doi = {10.1007/978-3-662-49275-8},
isbn = {9783662492758},
pages = {1--935},
title = {{Digital marketplaces unleashed}},
year = {2017}
}
@book{Edition2015,
archivePrefix = {arXiv},
arxivId = {arXiv:1011.1669v3},
author = {Edition, Second and Landau, Sabine and Everitt, Brian S. and McCormick, Keith and Salcedo, Jesus and Poh, Aaron and {Tilo Wendler}, Soren Grottrup},
booktitle = {Statistics in Medicine},
doi = {10.1017/CBO9781107415324.004},
eprint = {arXiv:1011.1669v3},
isbn = {1584883693},
issn = {1098-6596},
number = {20},
pages = {3236--3237},
pmid = {14183309},
title = {{DATA MINING with SPSS MODELER}},
url = {http://www.amazon.de/DATA-MINING-SPSS-MODELER-CLEMENTINE/dp/1490440690/ref=sr{\_}1{\_}53?s=books-intl-de{\&}ie=UTF8{\&}qid=1375100529{\&}sr=1-53{\&}keywords=text+mining{\%}5Cnhttp://doi.wiley.com/10.1002/sim.2134{\%}5Cnhttp://libgen.io/ads.php?md5=24E6DBB08D4C45DDF8CC549933F8FE7},
volume = {24},
year = {2015}
}
@book{Kumar2012,
address = {Berlim},
author = {Kumar, V. and Reinartz, W.},
edition = {2},
isbn = {9783642201103},
pages = {379},
publisher = {Springer Berlin Heidelberg},
title = {{Customer Relationship Management: Concept, Strategy, and Tools}},
year = {2012}
}
@book{Richert2013,
archivePrefix = {arXiv},
arxivId = {arXiv:1011.1669v3},
author = {Richert, Willi and Coelho, Luis Pedro},
booktitle = {Book},
doi = {10.1007/s13398-014-0173-7.2},
eprint = {arXiv:1011.1669v3},
isbn = {9781782161400},
issn = {1098-6596},
keywords = {Python},
pages = {290},
pmid = {25246403},
title = {{Building Machine Learning Systems with Python}},
year = {2013}
}
@book{Tobergte2013,
archivePrefix = {arXiv},
arxivId = {arXiv:1011.1669v3},
author = {Tobergte, David R. and Curtis, Shirley},
booktitle = {Journal of Chemical Information and Modeling},
doi = {10.1017/CBO9781107415324.004},
eprint = {arXiv:1011.1669v3},
isbn = {9788578110796},
issn = {1098-6596},
keywords = {icle},
number = {9},
pages = {1689--1699},
pmid = {25246403},
title = {{Applied statistics using SSPS, Statistica, Matlab and R}},
volume = {53},
year = {2013}
}
@misc{CRISP_DM,
author = {CRISP},
title = {{Cross-Industry Standard Process for Data Mining - CRISP-DM}},
url = {http://www.crisp-dm.org/},
urldate = {2019-01-05},
year = {2019}
}
@book{Cios:2007:DMK:1204561,
 author = {Cios, Krzysztof J. and Pedrycz, Witold and Swiniarski, Roman W. and Kurgan, Lukasz A.},
 title = {Data Mining: A Knowledge Discovery Approach},
 year = {2007},
 isbn = {0387333339},
 publisher = {Springer-Verlag},
 address = {Berlin, Heidelberg},
}
@article{Neslin2006,
author = {Scott A. Neslin and Sunil Gupta and Wagner Kamakura and Junxiang Lu and Charlotte H. Mason},
title ={Defection Detection: Measuring and Understanding the Predictive Accuracy of Customer Churn Models},
journal = {Journal of Marketing Research},
volume = {43},
number = {2},
pages = {204-211},
year = {2006},
doi = {10.1509/jmkr.43.2.204},
URL = { 
        https://doi.org/10.1509/jmkr.43.2.204
},
eprint = { 
        https://doi.org/10.1509/jmkr.43.2.204
}}
@article{Pyle1999,
author = { Shichao   Zhang  and  Chengqi   Zhang  and  Qiang   Yang },
title = {Data preparation for data mining},
journal = {Applied Artificial Intelligence},
volume = {17},
number = {5-6},
pages = {375-381},
year  = {2003},
publisher = {Taylor & Francis},
doi = {10.1080/713827180},
URL = { 
        https://doi.org/10.1080/713827180
},
eprint = { 
        https://doi.org/10.1080/713827180
}
}
@book{Tan2005,
 author = {Tan, Pang-Ning and Steinbach, Michael and Kumar, Vipin},
 title = {Introduction to Data Mining, (First Edition)},
 year = {2005},
 isbn = {0321321367},
 publisher = {Addison-Wesley Longman Publishing Co., Inc.},
 address = {Boston, MA, USA}
}


@article{CRONE2006781,
title = "The impact of preprocessing on data mining: An evaluation of classifier sensitivity in direct marketing",
journal = "European Journal of Operational Research",
volume = "173",
number = "3",
pages = "781  800",
year = "2006",
issn = "0377-2217",
doi = "https://doi.org/10.1016/j.ejor.2005.07.023",
url = "http://www.sciencedirect.com/science/article/pii/S0377221705006739",
author = "Sven F. Crone and Stefan Lessmann and Robert Stahlbock"
}

@article{COUSSEMENT2008313,
title = "Churn prediction in subscription services: An application of support vector machines while comparing two parameter-selection techniques",
journal = "Expert Systems with Applications",
volume = "34",
number = "1",
pages = "313 - 327",
year = "2008",
issn = "0957-4174",
doi = "https://doi.org/10.1016/j.eswa.2006.09.038",
url = "http://www.sciencedirect.com/science/article/pii/S0957417406002806",
author = "Kristof Coussement and Dirk Van den Poel",
}
@inproceedings{Niculescu2009,
 author = {Niculescu-Mizil, Alexandru and Perlich, Claudia and Swirszcz, Grzegorz and Sindhwani, Vikas and Liu, Yan and Melville, Prem and Wang, Dong and Xiao, Jing and Hu, Jianying and Singh, Moninder and Shang, Wei Xiong and Zhu, Yan Feng},
 title = {Winning the KDD Cup Orange Challenge with Ensemble Selection},
 booktitle = {Proceedings of the 2009 International Conference on KDD-Cup 2009 - Volume 7},
 series = {KDD-CUP'09},
 year = {2009},
 location = {Paris, France},
 pages = {23--34},
 numpages = {12},
 url = {http://dl.acm.org/citation.cfm?id=3000364.3000366},
 acmid = {3000366},
 publisher = {JMLR.org},
}
@article{pregibon1981,
author = "Pregibon, Daryl",
doi = "10.1214/aos/1176345513",
fjournal = "The Annals of Statistics",
journal = "Ann. Statist.",
month = "07",
number = "4",
pages = "705--724",
publisher = "The Institute of Mathematical Statistics",
title = "Logistic Regression Diagnostics",
url = "https://doi.org/10.1214/aos/1176345513",
volume = "9",
year = "1981"
}
@Article{Boulle2004,
author="Boulle, Marc",
title="Khiops: A Statistical Discretization Method of Continuous Attributes",
journal="Machine Learning",
year="2004",
month="Apr",
day="01",
volume="55",
number="1",
pages="53--69",
abstract="In supervised machine learning, some algorithms are restricted to discrete data and have to discretize continuous attributes. Many discretization methods, based on statistical criteria, information content, or other specialized criteria, have been studied in the past. In this paper, we propose the discretization method Khiops,1 based on the chi-square statistic. In contrast with related methods ChiMerge and ChiSplit, this method optimizes the chi-square criterion in a global manner on the whole discretization domain and does not require any stopping criterion. A theoretical study followed by experiments demonstrates the robustness and the good predictive performance of the method.",
issn="1573-0565",
doi="10.1023/B:MACH.0000019804.29836.05",
url="https://doi.org/10.1023/B:MACH.0000019804.29836.05"
}
@article{BUCKINX2005252,
title = "Customer base analysis: partial defection of behaviourally loyal clients in a non-contractual FMCG retail setting",
journal = "European Journal of Operational Research",
volume = "164",
number = "1",
pages = "252 - 268",
year = "2005",
issn = "0377-2217",
doi = "https://doi.org/10.1016/j.ejor.2003.12.010",
url = "http://www.sciencedirect.com/science/article/pii/S0377221703009184",
author = "Wouter Buckinx and Dirk Van den Poel",
}
%comeca aqui
@book{Quinlan1993,
author = {Quinlan, J. Ross},
title = {C4.5: Programs for Machine Learning},
year = {1993},
isbn = {1-55860-238-0},
publisher = {Morgan Kaufmann Publishers Inc.},
address = {San Francisco, CA, USA},
}
@Article{Breiman1996,
author="Breiman, Leo",
title="Bagging predictors",
journal="Machine Learning",
year="1996",
month="Aug",
day="01",
volume="24",
number="2",
pages="123--140",
issn="1573-0565",
doi="10.1007/BF00058655",
url="https://doi.org/10.1007/BF00058655"
}
@Article{Boulle2006,
author="Boull{\'e}, Marc",
title="MODL: A Bayes optimal discretization method for continuous attributes",
journal="Machine Learning",
year="2006",
month="Oct",
day="01",
volume="65",
number="1",
pages="131--165",
issn="1573-0565",
doi="10.1007/s10994-006-8364-x",
url="https://doi.org/10.1007/s10994-006-8364-x"
}
@Article{Datta2000,
author="Datta, Piew
and Masand, Brij
and Mani, D. R.
and Li, Bin",
title="Automated Cellular Modeling and Prediction on a Large Scale",
journal="Artificial Intelligence Review",
year="2000",
month="Dec",
day="01",
volume="14",
number="6",
pages="485--502",
issn="1573-7462",
doi="10.1023/A:1006643109702",
url="https://doi.org/10.1023/A:1006643109702"
}
@article{Cui2005,
author = {Cui, Dapeng and Curry, David},
year = {2005},
month = {11},
pages = {595-615},
title = {Prediction in Marketing Using the Support Vector Machine},
volume = {24},
journal = {Marketing Science},
doi = {10.1287/mksc.1050.0123}
}
@article{MOEYERSOMS2015,
title = "Including high-cardinality attributes in predictive models: A case study in churn prediction in the energy sector",
journal = "Decision Support Systems",
volume = "72",
pages = "72 81",
year = "2015",
issn = "0167-9236",
doi = "https://doi.org/10.1016/j.dss.2015.02.007",
url = "http://www.sciencedirect.com/science/article/pii/S0167923615000275",
author = "Julie Moeyersoms and David Martens"
}

@article{Yang2006,
author = {Yang, Jaekyung and Olafsson, Sigurdur},
year = {2006},
month = {11},
pages = {3088-3106},
title = {Optimization-based feature selection with adaptive instance sampling},
volume = {33},
journal = {Computers and OR},
doi = {10.1016/j.cor.2005.01.021}
}
@Article{Piramuthu2004,
  author={Piramuthu, Selwyn},
  title={{Evaluating feature selection methods for learning in data mining applications}},
  journal={European Journal of Operational Research},
  year=2004,
  volume={156},
  number={2},
  pages={483-494},
  month={July},
  keywords={},
  doi={},
  abstract={No abstract is available for this item.},
  url={https://ideas.repec.org/a/eee/ejores/v156y2004i2p483-494.html}
}
@article{Kohavi1997,
 author = {Kohavi, Ron and John, George H.},
 title = {Wrappers for Feature Subset Selection},
 journal = {Artif. Intell.},
 issue_date = {Dec. 1997},
 volume = {97},
 number = {1-2},
 month = dec,
 year = {1997},
 issn = {0004-3702},
 pages = {273--324},
 numpages = {52},
 url = {http://dx.doi.org/10.1016/S0004-3702(97)00043-X},
 doi = {10.1016/S0004-3702(97)00043-X},
 acmid = {270627},
 publisher = {Elsevier Science Publishers Ltd.},
 address = {Essex, UK},
 keywords = {classification, feature seleciton, filter, wrapper},
}
@article{Viaene2001,
author = {Viaene, Stijn and Baesens, Bart and Poel, Dirk Van den and Dedene, Guido and Vanthienen, Jan},
title = {Wrapped input selection using multilayer perceptrons for repeat-purchase modeling in direct marketing},
journal = {Intelligent Systems in Accounting, Finance and Management},
volume = {10},
number = {2},
pages = {115-126},
doi = {10.1002/isaf.195},
url = {https://onlinelibrary.wiley.com/doi/abs/10.1002/isaf.195},
eprint = {https://onlinelibrary.wiley.com/doi/pdf/10.1002/isaf.195},
year = {2001}
}
@article{Venkatesan2007,
author = {Venkatesan, Rajkumar and Kumar, V and Bohling, Timothy},
title = {Optimal Customer Relationship Management Using Bayesian Decision Theory: An Application for Customer Selection},
journal = {Journal of Marketing Research},
volume = {44},
number = {4},
pages = {579-594},
year = {2007},
doi = {10.1509/jmkr.44.4.579},
URL = { https://doi.org/10.1509/jmkr.44.4.579},
eprint = { https://doi.org/10.1509/jmkr.44.4.579}
}
@article{BergerandNasr1998,
author = {Berger, Paul D. and Nasr, Nada I.},
title = {Customer lifetime value: Marketing models and applications},
journal = {Journal of Interactive Marketing},
volume = {12},
number = {1},
pages = {17-30},
doi = {10.1002/(SICI)1520-6653(199824)12:1<17::AID-DIR3>3.0.CO;2-K},
url = {https://onlinelibrary.wiley.com/doi/abs/10.1002/%28SICI%291520-6653%28199824%2912%3A1%3C17%3A%3AAID-DIR3%3E3.0.CO%3B2-K},
eprint = {https://onlinelibrary.wiley.com/doi/pdf/10.1002/%28SICI%291520-6653%28199824%2912%3A1%3C17%3A%3AAID-DIR3%3E3.0.CO%3B2-K},
year = {1998}
}
@misc{ZUORA,
author = {ZUORA},
title = {{ZUORA The subscription economy index}},
url = {https://www.zuora.com/about/},
urldate = {2019-02-19},
year = {2019}
}
@book{Mitchell1997,
 author = {Mitchell, Thomas M.},
 title = {Machine Learning},
 year = {1997},
 isbn = {0070428077, 9780070428072},
 edition = {1},
 publisher = {McGraw Hill, Inc.},
 address = {New York, NY, USA}
}
@misc{SHOPFY,
author = {SHOPIFY},
title = {SHOPIFY Why Customer Lifetime Value Matters (and How to Calculate It for Your Business)},
url = {https://www.shopify.ca/blog/customerlifetimevalue},
urldate = {2019-05-11},
year = {2019}
}
@misc{ZUORA_CLV,
author = {ZUORA},
title = {ZUORA How to measure LTV},
url = {https://www.zuora.com/guides/howtomeasureltv/},
urldate = {2019-05-11},
year = {2019}
} 
@misc{Historic_Predictive,
author = {ORACLE AND DATA SCIENCE},
title = {ORACLE AND DATA SCIENCE - An Introduction to Predictive Customer Lifetime Value Modeling},
url = {https://www.datascience.com/blog/introtopredictivemodelingforcustomerlifetimevalue},
urldate = {2019-05-11},
year = {2019}
} 
@inproceedings{song2004,
title={Comparison of machine learning techniques with classical statistical models in predicting health outcomes.},
author={Song, Xiaowei and Mitnitski, Arnold and Cox, Jafna and Rockwood, Kenneth},
booktitle={Medinfo},
pages={736--740},
year={2004}
}
@inproceedings{chen2018,
title={Estimating Customer Lifetime Value Using Machine Learning Techniques},
author={Chen, Sien},
booktitle={Data Mining},
year={2018},
organization={IntechOpen}
}
@Article{Aeron2008,
author={Aeron, Harsha and Bhaskar, Tarun and Sundararajan, Ramasubramanian and Kumar, Ashwani and Moorthy, Janakiraman},
title={A metric for customer lifetime value of credit card customers},
journal={Journal of Database Marketing and Customer Strategy Management},
year={2008},
month={Jun},
day={01},
volume={15},
number={3},
pages={153-168},
issn={1741-2447},
doi={10.1057/dbm.2008.13},
url={https://doi.org/10.1057/dbm.2008.13}
}
@book{Kumar2008_book,
author = {Kumar, V},
year = {2008},
month = {01},
pages = {},
title = {Managing Customers for Profit: Strategies to Increase Profits and Build Loyalty},
isbn = {0136117406},
publisher = {Wharton School Publishing},
address = {Upper Saddle River, NJ}
}

@article{Shah2017,
author = {Denish Shah and V. Kumar and Kihyun Hannah Kim and Jeewon Brianna Choi},
title ={Linking Customer Behaviors to Cash Flow Level and Volatility: Implications for Marketing Practices},
journal = {Journal of Marketing Research},
volume = {54},
number = {1},
pages = {27-43},
year = {2017},
doi = {10.1509/jmr.15.0158},
URL = { https://doi.org/10.1509/jmr.15.0158},
eprint = { https://doi.org/10.1509/jmr.15.0158}
}
@article{Rust2004,
author = {Roland T. Rust and Katherine N. Lemon and Valarie A. Zeithaml},
title ={Return on Marketing: Using Customer Equity to Focus Marketing Strategy},
journal = {Journal of Marketing},
volume = {68},
number = {1},
pages = {109-127},
year = {2004},
doi = {10.1509/jmkg.68.1.109.24030},
URL = {https://doi.org/10.1509/jmkg.68.1.109.24030},
eprint = {https://doi.org/10.1509/jmkg.68.1.109.24030}
}
@article{RUST2011,
title = {Will the frog change into a prince? Predicting future customer profitability},
journal = {International Journal of Research in Marketing},
volume = {28},
number = {4},
pages = {281 - 294},
year = {2011},
issn = {0167-8116},
doi = {https://doi.org/10.1016/j.ijresmar.2011.05.003},
url = {http://www.sciencedirect.com/science/article/pii/S0167811611000644},
author = {Roland T. Rust and V. Kumar and Rajkumar Venkatesan}
}
@article{Dwyer1997,
title = {Customer lifetime valuation to support marketing decision making},
journal = {Journal of Direct Marketing},
volume = {11},
number = {4},
pages = {6 - 13},
year = {1997},
issn = {0892-0591},
doi = {https://doi.org/10.1002/(SICI)1522-7138(199723)11:4<6::AID-DIR3>3.0.CO;2-T},
url = {http://www.sciencedirect.com/science/article/pii/S1094996897707539},
author = {F. Robert Dwyer}
}
@Article{Dreze2009,
author={Dr{\`e}ze, Xavier and Bonfrer, Andr{\'e}},
title={Moving from customer lifetime value to customer equity},
journal={QME},
year={2009},
month={Sep},
day={01},
volume={7},
number={3},
pages={289--320},
issn={1573-711X},
doi={10.1007/s11129-009-9067-y},
url={https://doi.org/10.1007/s11129-009-9067-y}
}
@article{Fornell2006,
author = {Claes Fornell and Sunil Mithas and Forrest V. Morgeson, III and M.S. Krishnan},
title ={Customer Satisfaction and Stock Prices: High Returns, Low Risk},
journal = {Journal of Marketing},
volume = {70},
number = {1},
pages = {3-14},
year = {2006},
doi = {10.1509/jmkg.70.1.003.qxd},
URL = {https://doi.org/10.1509/jmkg.70.1.003.qxd},
eprint = {https://doi.org/10.1509/jmkg.70.1.003.qxd}
}
@article{Ambler2004,
author = {Roland T. Rust and Tim Ambler and Gregory S. Carpenter and V. Kumar and Rajendra K. Srivastava},
title ={Measuring Marketing Productivity: Current Knowledge and Future Directions},
journal = {Journal of Marketing},
volume = {68},
number = {4},
pages = {76-89},
year = {2004},
doi = {10.1509/jmkg.68.4.76.42721},
URL = {https://doi.org/10.1509/jmkg.68.4.76.42721},
eprint = {https://doi.org/10.1509/jmkg.68.4.76.42721}
}
@article{VanDoorn2010,
author = {Jenny van Doorn and Katherine N. Lemon and Vikas Mittal and Stephan Nass and Doreén Pick and Peter Pirner and Peter C. Verhoef},
title ={Customer Engagement Behavior: Theoretical Foundations and Research Directions},
journal = {Journal of Service Research},
volume = {13},
number = {3},
pages = {253-266},
year = {2010},
doi = {10.1177/1094670510375599},
URL = {https://doi.org/10.1177/1094670510375599},
eprint = {https://doi.org/10.1177/1094670510375599}
}
@article{Keller2006,
author = {Keller, Kevin Lane and Lehmann, Donald R.},
title = {Brands and Branding: Research Findings and Future Priorities},
journal = {Marketing Science},
volume = {25},
number = {6},
pages = {740-759},
year = {2006},
doi = {10.1287/mksc.1050.0153},
URL = {https://doi.org/10.1287/mksc.1050.0153},
eprint = {https://doi.org/10.1287/mksc.1050.0153}
}
@article{Lemon2004,
author = {Roland T. Rust and Katherine N. Lemon and Valarie A. Zeithaml},
title ={Return on Marketing: Using Customer Equity to Focus Marketing Strategy},
journal = {Journal of Marketing},
volume = {68},
number = {1},
pages = {109-127},
year = {2004},
doi = {10.1509/jmkg.68.1.109.24030},
URL = {https://doi.org/10.1509/jmkg.68.1.109.24030},
eprint = {https://doi.org/10.1509/jmkg.68.1.109.24030}
}
@article{Peres2010,
title = {Innovation diffusion and new product growth models: A critical review and research directions},
journal = {International Journal of Research in Marketing},
volume = {27},
number = {2},
pages = {91 - 106},
year = {2010},
issn = {0167-8116},
doi = {https://doi.org/10.1016/j.ijresmar.2009.12.012},
url = {http://www.sciencedirect.com/science/article/pii/S0167811610000236},
author = {Renana Peres and Eitan Muller and Vijay Mahajan},
keywords = {Diffusion, Innovations, New product, Review, Social network, Individual level modeling, Agent based modeling, Multinational diffusion, Competition, Brand, Network externalities, Takeoff, Saddle, Technology generations}
}
@Article{Srivastava1997,
author={Srivastava, Rajendra K. and Shervani, Tasadduq A. and Fahey, Liam},
title={Driving Shareholder Value: The Role of Marketing in Reducing Vulnerability and Volatility of Cash Flows},
journal={Journal of Market-Focused Management},
year={1997},
month={Sep},
day={01},
volume={2},
number={1},
pages={49--64},
issn={1572-8846},
doi={10.1023/A:1009741700243},
url={https://doi.org/10.1023/A:1009741700243}
}
@book{siddiqi2005,
title={Credit Risk Scorecards: Developing and Implementing Intelligent Credit Scoring},
author={Siddiqi, N.},
isbn={9781590475034},
url={https://books.google.ca/books?id=yg5GPgAACAAJ},
year={2005},
publisher={Sas Inst}
}
@article{HAENLEIN2007,
title = "A Model to Determine Customer Lifetime Value in a Retail Banking Context",
journal = "European Management Journal",
volume = "25",
number = "3",
pages = "221 - 234",
year = "2007",
issn = "0263-2373",
doi = "https://doi.org/10.1016/j.emj.2007.01.004",
url = "http://www.sciencedirect.com/science/article/pii/S0263237307000163",
author = "Michael Haenlein and Andreas M. Kaplan and Anemone J. Beeser",
keywords = "Customer Relationship Management, Customer Lifetime Value, Retail Banking, Markov Chains, CART Analysis"
}
@article{SINGH2013,
title = "Developing a measure of risk adjusted revenue (RAR) in credit cards market: Implications for customer relationship management",
journal = "European Journal of Operational Research",
author = "Shweta Singh and B.P.S. Murthi and Erin Steffes",
volume = "224",
number = "2",
pages = "425 - 434",
year = "2013",
issn = "0377-2217",
doi = "https://doi.org/10.1016/j.ejor.2012.08.007",
url = "http://www.sciencedirect.com/science/article/pii/S0377221712006078"
}
@article{Simon2005,
author = {Lynette J. Ryals and Simon Knox},
title = {Measuring risk‐adjusted customer lifetime value and its impact on relationship marketing strategies and shareholder value},
journal = {European Journal of Marketing},
volume = {39},
number = {5/6},
pages = {456-472},
year = {2005},
doi = {10.1108/03090560510590665},
URL = {https://doi.org/10.1108/03090560510590665},
eprint = {https://doi.org/10.1108/03090560510590665}
}
@article{Fornell2010,
author = {Claes Fornell and Roland T. Rust and Marnik G. Dekimpe},
title ={The Effect of Customer Satisfaction on Consumer Spending Growth},
journal = {Journal of Marketing Research},
volume = {47},
number = {1},
pages = {28-35},
year = {2010},
doi = {10.1509/jmkr.47.1.28},
URL = {https://doi.org/10.1509/jmkr.47.1.28},
eprint = {https://doi.org/10.1509/jmkr.47.1.28}
}
@book{wayland1997,
title={Customer Connections: New Strategies for Growth},
author={Wayland, R.E. and Cole, R.E.W.P.M. and Cole, P.M.},
isbn={9780875847993},
lccn={97010783},
url={https://books.google.ca/books?id=\_TI1jEkjaBwC},
year={1997},
publisher={Harvard Business School Press}
}
@article{Villanueva2008,
author = {Julian Villanueva and Shijin Yoo and Dominique M. Hanssens},
title ={The Impact of Marketing-Induced versus Word-of-Mouth Customer Acquisition on Customer Equity Growth},
journal = {Journal of Marketing Research},
volume = {45},
number = {1},
pages = {48-59},
year = {2008},
doi = {10.1509/jmkr.45.1.048},
URL = {https://doi.org/10.1509/jmkr.45.1.048},
eprint = {https://doi.org/10.1509/jmkr.45.1.048}
}
@misc{Hubspot,
author = {HubSpot},
title = {Customer Acquisition},
url = {https://blog.hubspot.com/service/customer-acquisition},
urldate = {2019-05-11},
year = {2019}
} 
@misc{Expansion,
author = {Business Jargons},
title = {Expansion Strategy},
url = {%https://businessjargons.com/expansion-strategy.html},
urldate = {2019-05-11},
year = {2019}
} 
@misc{AcquisitionVENDHQ,
author = {VendHQ - Francesca Nicasio},
title = {How to Grow Your Retail Business: 6 Expansion Ideas You’d Want to Try},
url = {https://www.vendhq.com/blog/retail-expansion-ideas/},
urldate = {2019-05-11},
year = {2019}
} 
@misc{AcquisitionINC,
author = {INC. - Darren Dahl},
title = {How to Develop a Business Growth Strategy},
url = {https://www.inc.com/guides/small-business-growth-strategies.html},
urldate = {2019-05-11},
year = {2019}
} 
@misc{IDC2017,
author = {IDC - International Data Corporation, by Gerry Brown},
title = {Can Machines be Creative? How Technology is Transforming
Marketing Personalization and Relevance},
url = {https://www.criteo.com/digital-marketing-reports/can-machines-be-creative-how-technology-is-transforming-marketing-personalization-and-relevance/},
urldate = {2019-05-19},
year = {2019}
} 
@phdthesis{Loyal2016,
author={Varol,Serkan},
year={2016},
title={Analyzing brand loyalty in automotive sector using the hidden Markov model and support vector machine},
journal={ProQuest Dissertations and Theses},
pages={123},
note={Copyright - Database copyright ProQuest LLC; ProQuest does not claim copyright in the individual underlying works; Last updated - 2017-09-13},
isbn={9781369473735},
language={English},
url={http://search.proquest.com.uproxy.library.dc-uoit.ca/docview/1867750556?accountid=14694}
} 
@article{loyal2019,
author = {Aluri, Ajay and Price, Bradley S and McIntyre, Nancy H},
doi = {10.1177/1096348017753521},
journal = {Journal of Hospitality {\&} Tourism Research},
number = {1},
pages = {78--100},
title = {{Using Machine Learning To Cocreate Value Through Dynamic Customer Engagement In A Brand Loyalty Program}},
url = {https://doi.org/10.1177/1096348017753521},
volume = {43},
year = {2019}
}
@article{loyal2018,
author = {Davies, Alec and Green, Mark A and Singleton, Alex D},
doi = {0207523 },
journal = {PLoS ONE - Academic OneFile},
number = {11},
pages = {p. e0207523},
title = {Using machine learning to investigate self-medication purchasing in England via high street retailer loyalty card data},
url = {http://link.galegroup.com.uproxy},
volume = {13},
year = {2018}
}
@misc{Kaggle,
author = {Elo - Credit Cards},
title = {Elo Merchant Category Recommendation - Help understand customer loyalty},
url = {https://www.kaggle.com/c/elo-merchant-category-recommendation},
urldate = {2019-05-01},
year = {2019}
} 
@incollection{LGBM,
title = {LightGBM: A Highly Efficient Gradient Boosting Decision Tree},
author = {Ke, Guolin and Meng, Qi and Finley, Thomas and Wang, Taifeng and Chen, Wei and Ma, Weidong and Ye, Qiwei and Liu, Tie-Yan},
booktitle = {Advances in Neural Information Processing Systems 30},
editor = {I. Guyon and U. V. Luxburg and S. Bengio and H. Wallach and R. Fergus and S. Vishwanathan and R. Garnett},
pages = {3146--3154},
year = {2017},
publisher = {Curran Associates, Inc.},
url = {http://papers.nips.cc/paper/6907-lightgbm-a-highly-efficient-gradient-boosting-decision-tree.pdf}
}



 








 


 

 






 



